%% This BibTeX bibliography file was created using BibDesk.
%% https://bibdesk.sourceforge.io/

%% Created for clare at 2022-05-03 18:05:18 +0800 


%% Saved with string encoding Unicode (UTF-8) 



@inproceedings{exploiting-redundancy,
	author = {Premkishore, Shivakumar and Keckler, S. W. and Moore, C. R. and Burger, D.},
	booktitle = {ICCD},
	pages = {481-488},
	title = {Exploiting microarchitectural redundancy for defect tolerance}}

@inproceedings{dong_prdc09,
	author = {Dong, Jianbo and Zhang, Lei and Han, Yinhe and Yan, Guihai and Li, Xiaowei},
	booktitle = {IEEE Pacific Rim Dependable Computing Conference},
	pages = {17-22},
	title = {Variation-aware scheduling for chip multiprocessors with thread level redundancy}}

@inproceedings{workcharacter,
	author = {Shao, Y. S. and Brooks, D.},
	booktitle = {ISPASS},
	pages = {245-255},
	title = {ISA-independent workload characterization and its implications for specialized architectures}}

@inproceedings{aging_iedm,
	author = {Changze, Liu and Jibin, Zou and Runsheng, Wang and Ru, Huang and Xiaoqing, Xu and Jinhua, Liu and Hanming, Wu and Yangyuan, Wang},
	booktitle = {IEEE International Electron Devices Meeting (IEDM)},
	pages = {25.4.1-25.4.4},
	title = {Towards the systematic study of aging induced dynamic variability in nano-MOSFETs: Adding the missing cycle-to-cycle variation effects into device-to-device variation}}

@book{CMOS_VLSI,
	address = {Boston, MA, USA},
	author = {{N. Weste, D. Harris}},
	publisher = {Addison Wesley},
	title = {CMOS VLSI Design: A Circuits and Systems Perspective (3rd Edition)},
	year = {2005}}

@book{salas:calculus,
	address = {New York},
	author = {S.L. Salas and Einar Hille},
	publisher = {John Wiley and Sons},
	title = {Calculus: One and Several Variable},
	year = {1978}}

@book{Lamport:LaTeX,
	address = {Reading, Massachusetts},
	author = {Leslie Lamport},
	publisher = {Addison-Wesley Publishing Company},
	title = {LaTeX User's Guide and Document Reference Manual},
	year = {1986}}

@book{Logic_effort,
	address = {San Mateo, CA, USA},
	author = {{I. Sutherland, R.F. Sproull, and David Harris}},
	publisher = {Morgan Kaufmann},
	title = {Logical Effort: Designing Fast CMOS Circuits},
	year = {1999}}

@book{Synopsys_DC,
	address = {Mountain View, CA, USA},
	author = {{Synopsys{\tiny$^{^{\textregistered}}$} Inc.}},
	publisher = {Synopsys Inc},
	title = {Design Compiler Reference Manual: Optimization and Timing Analysis (Version 1999.10)},
	year = {1999}}

@book{Synopsys_PT,
	address = {Mountain View, CA, USA},
	author = {{Synopsys{\tiny$^{^{\textregistered}}$} Inc.}},
	publisher = {Synopsys Inc},
	title = {PrimeTime{\tiny$^{^{\textregistered}}$}User Guide:Fundamentals (Version 1999.10)},
	year = {1999}}

@book{Synopsys_PP,
	address = {Mountain View, CA, USA},
	author = {{Synopsys{\tiny$^{^{\textregistered}}$} Inc.}},
	publisher = {Synopsys Inc},
	title = {PrimePower{\tiny$^{^{\textregistered}}$}User Guide (Version 2003.06)},
	year = {2003}}

@book{Reliability,
	address = {Hoboken, NJ, USA},
	author = {{M.L. Shooman}},
	publisher = {Wiley-Interscience},
	title = {Reliability of Computer Systems and Networks: Fault Tolerance, Analysis, and Design (1st edition) Chapter 2},
	year = {2001}}

@book{Optimization,
	//isbn = {0-13-152462-3},
	address = {Upper Saddle River, NJ, USA},
	author = {{C.H. Papadimitriou, K. Steiglitz}},
	publisher = {Prentice-Hall, Inc.},
	title = {{Combinatorial optimization: algorithms and complexity}},
	year = {1982}}

@book{CA,
	address = {San Mateo, CA, USA},
	author = {{J.L. Hennessy, D.A. Patterson}},
	publisher = {Morgan Kaufmann},
	title = {Computer Architecture: A Quantitative Approach, Third Edition, Chapter 1},
	year = {2002}}

@book{Wang2006VLSI,
	//address = {San Francisco, CA, USA},
	//publisher = {Morgan Kaufmann Publishers Inc.},
	author = {Wang, Laung-Terng and Wu, Cheng-Wen and Wen, Xiaoqing},
	title = {VLSI Test Principles and Architectures: Design for Testability (Systems on Silicon)},
	year = {2006}}

@book{JMRabaey,
	address = {Beijing, China},
	author = {{J.M. Rabaey, A.Chandrakasan, and B.Nikolic}},
	publisher = {Pearson Education Asia Limited and Tsinghua University Press},
	title = {Digital Integrated Circuits, A design perspective, Second Edition, Chapter 9},
	year = {2004}}

@book{Handbook,
	address = {Boca Raton, FL, USA},
	author = {{R. Doering, and Y. Nishi}},
	publisher = {CRC Press},
	title = {Handbook of Semiconductor Manufacturing Technology (2nd edition), Chapter 30},
	year = {2017}}

@misc{ITRS05,
	month = {March},
	note = {url={http://www.itrs.net/}},
	pages = {315-385},
	title = {International Technology Roadmap for Semiconductors (ITRS), 2005 Edition},
	year = {2005}}

@misc{itrs13,
	author = {ITRS},
	booktitle = {Report},
	title = {PROCESS INTEGRATION, DEVICES, AND STRUCTURES SUMMARY},
	year = {2013}}

@misc{ITRS09,
	month = {July},
	note = {url{http://pulic.itrs.net}},
	title = {{International Technology Roadmap for Semiconductors}},
	year = {2009}}

@article{Sony,
	author = {{SONY SEMICONDUCTOR}},
	journal = {Chapter 4},
	month = {Oct.},
	pages = {120-152},
	title = {{Quality and Reliability HandBook}},
	year = {2000}}

@article{POIROT_00,
	author = {Venkataraman, S. and Drummonds, S.B.},
	journal = {IEEE Design \& Test of Computers},
	number = {1},
	pages = {19-30},
	title = {Poirot: applications of a logic fault diagnosis tool},
	volume = {18},
	year = {2001}}

@article{sematech03,
	author = {{International SEMATECH, Inc.}},
	month = {March},
	pages = {1-37},
	title = {{Critical Reliability Challenges for The International Technology Roadmap for Semiconductors (ITRS)}},
	year = {2003}}

@article{Atmel,
	author = {{Atmel Corporation}},
	journal = {Section 6},
	pages = {6.1--6.5},
	title = {{Quality \& Reliability Handbook}},
	year = {2004}}

@article{SpeedStep,
	author = {{AMD}},
	journal = {White Paper},
	month = {March},
	pages = {1-12},
	title = {{Enhanced Intel SpeedStep Technology for the Intel Pentium M Processor}},
	year = {2004}}

@article{OpenSPARC_06,
	author = {{Sun Microsystem Inc.}},
	month = {August},
	pages = {1.1-10.26},
	title = {{OpenSPARC T1 Microarchitecture Specification}},
	year = {2006}}

@article{ITRS_Design07,
	author = {{ITRS}},
	title = {{DESIGN}},
	year = {2007}}

@article{ITRS_PIDS07,
	author = {{ITRS}},
	title = {{PROCESS INTEGRATION, DEVICES, AND STRUCTURES}},
	year = {2007}}

@article{ITRS_TEST07,
	author = {{ITRS}},
	title = {{TEST AND TEST EQUIPMENT}},
	year = {2007}}

@article{CoreQuadThermal_spec,
	author = {{Intel}},
	title = {{Intel Core2 Quad Processor Datasheet}}}

@article{CoreDuoThermal_spec,
	author = {{Intel}},
	title = {{Intel Core2 Duo Processor Datasheet}}}

@article{IntelVRM_111,
	author = {{Intel}},
	journal = {Design Guidelines},
	month = {September},
	pages = {1-62},
	title = {{Voltage Regulator Module (VRM) and Enterprise Voltage Regulator-Down (EVRD) 11.1}},
	year = {2009}}

@article{PowerNow,
	author = {{Intel}},
	journal = {White Paper},
	month = {November},
	pages = {1-13},
	title = {{AMD PowerNow! Technology, Dynamically Manages Power and Performance}},
	year = {2000}}

@article{Xeon_08,
	author = {{Intel}},
	journal = {Datasheet},
	month = {Aug.},
	title = {{Quad-Core Intel? Xeon? Processor 5400 Series}},
	year = {2008}}

@article{Electromigration_69,
	author = {{ J.R. Black}},
	journal = {IEEE Trans. on Electron Devices},
	number = {4},
	pages = {338-347},
	title = {{Electromigration---A brief survey and some recent results}},
	volume = {16},
	year = {1969}}

@inproceedings{bloomfilter,
	//address = {New York, NY, USA},
	//month = {jul},
	//publisher = {Association for Computing Machinery},
	author = {Bloom, Burton H.},
	journal = {Commun. ACM},
	number = {7},
	pages = {422--426},
	title = {Space/Time Trade-Offs in Hash Coding with Allowable Errors},
	volume = {13},
	year = {1970}}

@inproceedings{modulo,
	//address = {Berlin, Heidelberg},
	//location = {Amsterdam, The Netherlands},
	//publisher = {Springer-Verlag},
	//series = {EUROCRYPT'87},
	author = {Girault, Marc},
	booktitle = {Proceedings of the 6th Annual International Conference on Theory and Application of Cryptographic Techniques},
	pages = {217--226},
	title = {Hash-Functions Using modulo-N Operations},
	year = {1987}}

@article{dally1988deadlock,
	author = {Dally and Seitz},
	journal = {IEEE Transactions on Computers},
	number = {5},
	pages = {547-553},
	title = {Deadlock-Free Message Routing in Multiprocessor Interconnection Networks},
	volume = {C-36},
	year = {1987}}

@article{meyer1989modeling,
	author = {Meyer, Fred J. and Pradhan, Dhiraj K.},
	journal = {IEEE Transactions on Computers},
	number = {4},
	pages = {538--546},
	title = {Modeling defect spatial distribution},
	volume = {38},
	year = {1989}}

@article{pearsonhash,
	//address = {New York, NY, USA},
	//month = {jun},
	//publisher = {Association for Computing Machinery},
	author = {Pearson, Peter K.},
	journal = {Commun. ACM},
	number = {6},
	pages = {677--680},
	title = {Fast Hashing of Variable-Length Text Strings},
	volume = {33},
	year = {1990}}

@article{SkewOptimization_90,
	author = {{J. P. Fishburn}},
	journal = {Transactions on Computers},
	number = {9},
	pages = {945-951},
	title = {{Clock skew optimization}},
	volume = {37},
	year = {1990}}

@inproceedings{rodeheffer1991automatic,
	//location = {Pacific Grove, California, USA},
	author = {Rodeheffer, Thomas L. and Schroeder, Michael D.},
	booktitle = {Proceedings of the Thirteenth ACM Symposium on Operating Systems Principles},
	pages = {183--197},
	title = {Automatic Reconfiguration in Autonet},
	year = {1991}}

@article{braams:babel,
	author = {Johannes Braams},
	journal = {TUGboat},
	number = {2},
	pages = {291-301},
	title = {Babel, a Multilingual Style-Option System for Use with LaTeX's Standard Document Styles},
	volume = {12},
	year = {1991}}

@inproceedings{clark:pct,
	author = {Malcolm Clark},
	booktitle = {TeX90 Conference Proceedings},
	pages = {84-89},
	title = {Post Congress Tristesse},
	year = {1991}}

@inproceedings{md5,
	author = {{RFC document}},
	booktitle = {Internet Engineering Task Force},
	title = {RFC 1321: The MD5 Message-Digest Algorithm},
	year = {1992}}

@inproceedings{Padding_93,
	author = {Shenoy, N.V. and Brayton, R.K. and Sangiovanni-Vincentelli, A.L.},
	booktitle = {Proceedings of 1993 International Conference on Computer Aided Design (ICCAD)},
	pages = {156-161},
	title = {Minimum padding to satisfy short path constraints},
	year = {1993}}

@article{bowman:reasoning,
	//month = {November},
	author = {Mic Bowman and Saumya K. Debray and Larry L. Peterson},
	journal = {ACM Trans. Program. Lang. Syst.},
	number = {5},
	pages = {795-825},
	title = {Reasoning About Naming Systems},
	volume = {15},
	year = {1993}}

@article{herlihy:methodology,
	//month = {November},
	author = {Maurice Herlihy},
	journal = {ACM Trans. Program. Lang. Syst.},
	number = {5},
	pages = {745-770},
	title = {A Methodology for Implementing Highly Concurrent Data Objects},
	volume = {15},
	year = {1993}}

@article{Flipflop_94,
	author = {Gerosa, G. and Gary, S. and Dietz, C. and Dac Pham and Hoover, K. and Alvarez, J. and Sanchez, H. and Ippolito, P. and Tai Ngo and Litch, S. and Eno, J. and Golab, J. and Vanderschaaf, N. and Kahle, J.},
	journal = {IEEE Journal of Solid-State Circuits},
	number = {12},
	pages = {1440-1454},
	title = {A 2.2 W, 80 MHz superscalar RISC microprocessor},
	volume = {29},
	year = {1994}}

@article{gaughan1996distributed,
	author = {Gaughan, Patrick T and Dao, Binh Vien and Yalamanchili, Sudhakar and Schimmel, David E},
	journal = {IEEE Transactions on Computers},
	number = {6},
	pages = {651--665},
	title = {Distributed, deadlock-free routing in faulty, pipelined, direct interconnection networks},
	volume = {45},
	year = {1996}}

@article{Michel_TC96,
	//month = {Oct.},
	author = {{M. Baniitre, A. Gefflaut, P. Joubert, C. Morin, and P.A. Lee}},
	journal = {IEEE Transactions on Computers},
	number = {10},
	pages = {1101-1115},
	title = {{An Architecture for Tolerating Processor Failures in Shared-Memory Multiprocessors}},
	volume = {45},
	year = {1996}}

@inproceedings{PipelineGating_isca98,
	author = {Manne, S. and Klauser, A. and Grunwald, D.},
	booktitle = {Proceedings. 25th Annual International Symposium on Computer Architecture (Cat. No.98CB36235)},
	pages = {132-141},
	title = {Pipeline gating: speculation control for energy reduction},
	year = {1998}}

@article{multiple_voltage_JSSC98,
	//month = {Mar.},
	author = {{K. Usami, M. Igarashi, F. Minami, T. Ishikawa, M. Kanzawa, M. Ichida, and K. Nogami}},
	journal = {IEEE Journal of Solid-State Circuits},
	number = {3},
	pages = {463-472},
	title = {{Automated low-power technique exploiting multiple supply voltages applied to a media processor}},
	volume = {33},
	year = {1998}}

@article{dao1999dynamically,
	author = {Dao, Binh Vien and Duato, Jose and Yalamanchili, Sudhakar},
	journal = {IEEE Transactions on Parallel and Distributed Systems},
	number = {1},
	pages = {7--22},
	title = {Dynamically configurable message flow control for fault-tolerant routing},
	volume = {10},
	year = {1999}}

@inproceedings{Nicolaidis_VTS99,
	author = {Nicolaidis, M.},
	booktitle = {Proceedings 17th IEEE VLSI Test Symposium (Cat. No.PR00146)},
	pages = {86-94},
	title = {Time redundancy based soft-error tolerance to rescue nanometer technologies},
	year = {1999}}

@inproceedings{Rotenberg_FTCS99,
	author = {{E. Rotenberg}},
	booktitle = {Proceedings of the 29th Annual International Symposium on Fault-Tolerant Computing, 1999. Digest of Papers.},
	pages = {84-91},
	title = {{AR-SMT: A Micro-architectural Approach to Fault Tolerance in Microprocessors}},
	year = {1999}}

@inproceedings{CSS_iccad99,
	author = {Kourtev, I.S. and Friedman, E.G.},
	booktitle = {1999 IEEE/ACM International Conference on Computer-Aided Design. Digest of Technical Papers (Cat. No.99CH37051)},
	pages = {239-243},
	title = {Clock skew scheduling for improved reliability via quadratic programming},
	year = {1999}}

@inproceedings{BTI_VLSIT99,
	author = {Kimizuka, N. and Yamamoto, T. and Mogami, T. and Yamaguchi, K. and Imai, K. and Horiuchi, T.},
	booktitle = {1999 Symposium on VLSI Technology. Digest of Technical Papers (IEEE Cat. No.99CH36325)},
	pages = {73-74},
	title = {The impact of bias temperature instability for direct-tunneling ultra-thin gate oxide on MOSFET scaling},
	year = {1999}}

@inproceedings{wattch_isca00,
	author = {Brooks, D. and Tiwari, V. and Martonosi, M.},
	booktitle = {Proceedings of 27th International Symposium on Computer Architecture (IEEE Cat. No.RS00201)},
	pages = {83-94},
	title = {Wattch: a framework for architectural-level power analysis and optimizations},
	year = {2000}}

@book{failure_models_00,
	author = {{Richard Blish, Noel Durrant}},
	month = {May},
	note = {url={http://ismi.sematech.org/docubase/abstracts/3955axfr.htm}},
	pages = {1-34},
	publisher = {International SEMATECH},
	title = {{Semiconductor Device Reliability Failure Models}},
	year = {2000}}

@inproceedings{Sundaramoorthy_ASPLOS00,
	author = {{K. Sundaramoorthy, Z. Purser, and E. Rotenberg}},
	booktitle = {Proceedings of the Architectural Support for Programming Languages and Operating Systems (ASPLOS)},
	pages = {257-268},
	title = {{Slipstream Processors: Improving both Performance and Fault Tolerance}},
	year = {2000}}

@article{puente2001adaptive,
	//publisher = {Elsevier},
	author = {Puente, Valentin and Izu, Cruz and Beivide, Ram{\'o}n and Gregorio, Jos{\'e} A and Vallejo, Fernando and Prellezo, Jose M},
	journal = {Journal of Parallel and Distributed Computing},
	number = {9},
	pages = {1180-1208},
	title = {The adaptive bubble router},
	volume = {61},
	year = {2001}}

@article{li2001loop,
	//publisher = {Springer},
	author = {Li, Xiaowei and Paul YS, Cheung and others},
	journal = {Journal of Computer Science and Technology},
	number = {3},
	pages = {278--285},
	title = {A loop-based apparatus for at-speed self-testing},
	volume = {16},
	year = {2001}}

@inproceedings{Ray_Micro01,
	author = {Ray, J. and Hoe, J.C. and Falsafi, B.},
	booktitle = {Proceedings. 34th ACM/IEEE International Symposium on Microarchitecture. MICRO-34},
	pages = {214-224},
	title = {Dual use of superscalar datapath for transient-fault detection and recovery},
	year = {2001}}

@inproceedings{Latch_01,
	author = {Karnik, T. and Bloechel, B. and Soumyanath, K. and De, V. and Borkar, S.},
	booktitle = {2001 Symposium on VLSI Circuits. Digest of Technical Papers (IEEE Cat. No.01CH37185)},
	pages = {61-62},
	title = {Scaling trends of cosmic ray induced soft errors in static latches beyond 0.18 /spl mu/},
	year = {2001}}

@inproceedings{clock_01,
	author = {Xanthopoulos, T. and Bailey, D.W. and Gangwar, A.K. and Gowan, M.K. and Jain, A.K. and Prewitt, B.K.},
	booktitle = {2001 IEEE International Solid-State Circuits Conference. Digest of Technical Papers. ISSCC (Cat. No.01CH37177)},
	pages = {402-403},
	title = {The design and analysis of the clock distribution network for a 1.2 GHz Alpha microprocessor},
	year = {2001}}

@inproceedings{DLL_00,
	author = {Minami, K. and Mizuno, M. and Yamaguchi, H. and Nakano, T. and Matsushima, Y. and Sumi, Y. and Sato, T. and Yamashida, H. and Yamashina, M.},
	booktitle = {2000 IEEE International Solid-State Circuits Conference. Digest of Technical Papers (Cat. No.00CH37056)},
	pages = {350-351},
	title = {A 1 GHz portable digital delay-locked loop with infinite phase capture ranges},
	year = {2000}}

@article{Power_aware_Micro00,
	author = {{D. Brooks, P. Bose, S. Schuster, H. Jacobson, P. Kudva, A. Buyuktosunoglu, J. Wellman, V. Zyuban, M. Gupta and P. Cook}},
	journal = {IEEE Micro},
	number = {6},
	pages = {26-44},
	title = {{Power-Aware Microarchitecture: Design and Modeling Challenges for Next-Generation Microprocessors}},
	volume = {20},
	year = {2000}}

@inproceedings{Loop_02,
	author = {Borch, E. and Tune, E. and Manne, S. and Emer, J.},
	booktitle = {Proceedings Eighth International Symposium on High Performance Computer Architecture},
	pages = {299-310},
	title = {Loose loops sink chips},
	year = {2002}}

@inproceedings{shin2002round,
	author = {Shin, Eung S and Mooney III, Vincent J and Riley, George F},
	booktitle = {Proceedings of the 15th international symposium on System Synthesis},
	pages = {243--248},
	title = {Round-robin arbiter design and generation},
	year = {2002}}

@inproceedings{Shivakumar_DSN02,
	author = {Shivakumar, P. and Kistler, M. and Keckler, S.W. and Burger, D. and Alvisi, L.},
	booktitle = {Proceedings International Conference on Dependable Systems and Networks},
	pages = {389-398},
	title = {Modeling the effect of technology trends on the soft error rate of combinational logic},
	year = {2002}}

@inproceedings{Vijaykumar_ISCA02,
	author = {{T.N. Vijaykumar, I. Pomeranz, and K. Cheng}},
	booktitle = {Proceedings of the 29th Annual International Symposium on Computer Architecture (ISCA)},
	pages = {87-98},
	title = {{Transient-Fault Recovery Using Simultaneous Multithreading}},
	year = {2002}}

@article{Oh_TR02,
	//month = {Dec.},
	author = {{N. Oh, E.J. McCluskey}},
	journal = {IEEE Transactions on Reliability},
	number = {4},
	pages = {392-402},
	title = {{Error Detection by Selective Procedure Call Duplication for Low Energy Consumption}},
	volume = {51},
	year = {2002}}

@article{Reliability_limits_IBM02,
	author = {{J. H. Stathis}},
	journal = {IBM J. RES. \& DEV.},
	number = {2/3},
	pages = {265-265.},
	title = {{Reliability limits for the gate insulator in CMOS technology}},
	volume = {46},
	year = {2002}}

@article{clockpower_02,
	author = {Duarte, D.E. and Vijaykrishnan, N. and Irwin, M.J.},
	journal = {IEEE Transactions on Very Large Scale Integration (VLSI) Systems},
	number = {6},
	pages = {844-855},
	title = {A clock power model to evaluate impact of architectural and technology optimizations},
	volume = {10},
	year = {2002}}

@inproceedings{progressiveBD_02,
	author = {Monsieur, F. and Vincent, E. and Roy, D. and Bruyere, S. and Vildeuil, J.C. and Pananakakis, G. and Ghibaudo, G.},
	booktitle = {2002 IEEE International Reliability Physics Symposium. Proceedings. 40th Annual (Cat. No.02CH37320)},
	pages = {45-54},
	title = {A thorough investigation of progressive breakdown in ultra-thin oxides. Physical understanding and application for industrial reliability assessment},
	year = {2002}}

@inproceedings{decap_tvlsi02,
	author = {Pant, M.D. and Pant, P. and Wills, D.S.},
	booktitle = {Proceedings of the 43rd IEEE Midwest Symposium on Circuits and Systems (Cat.No.CH37144)},
	pages = {772-775},
	title = {On-chip decoupling capacitor optimization using architectural level prediction},
	volume = {2},
	year = {2000}}

@inproceedings{ReVive_isca02,
	author = {Prvulovic, M. and Zheng Zhang and Torrellas, J.},
	booktitle = {Proceedings 29th Annual International Symposium on Computer Architecture},
	pages = {111-122},
	title = {ReVive: cost-effective architectural support for rollback recovery in shared-memory multiprocessors},
	year = {2002}}

@article{ABB_jssc02,
	author = {Tschanz, J.W. and Kao, J.T. and Narendra, S.G. and Nair, R. and Antoniadis, D.A. and Chandrakasan, A.P. and De, V.},
	journal = {IEEE Journal of Solid-State Circuits},
	number = {11},
	pages = {1396-1402},
	title = {Adaptive body bias for reducing impacts of die-to-die and within-die parameter variations on microprocessor frequency and leakage},
	volume = {37},
	year = {2002}}

@article{variation_jssc02,
	author = {Bowman, K.A. and Duvall, S.G. and Meindl, J.D.},
	journal = {IEEE Journal of Solid-State Circuits},
	number = {2},
	pages = {183-190},
	title = {Impact of die-to-die and within-die parameter fluctuations on the maximum clock frequency distribution for gigascale integration},
	volume = {37},
	year = {2002}}

@inproceedings{DynamicNBTI_03,
	author = {Chen, G. and Chuah, K. Y. and Li, M. F. and Chan, D. S. H. and Ang, C. H. and Zheng, J. Z. and Jin, Y. and Kwong, D. L.},
	booktitle = {2003 IEEE International Reliability Physics Symposium Proceedings, 2003. 41st Annual.},
	pages = {196-202},
	title = {Dynamic NBTI of PMOS transistors and its impact on device lifetime},
	year = {2003}}

@inproceedings{borkar2003parameter,
	author = {Borkar, Shekhar and Karnik, Tanay and Narendra, Siva and Tschanz, Jim and Keshavarzi, Ali and De, Vivek},
	booktitle = {Proceedings of the 40th annual Design Automation Conference},
	pages = {338--342},
	title = {{Parameter variations and impact on circuits and microarchitecture}},
	year = {2003}}

@article{Dodd_TNS03,
	//month = {June},
	author = {{P.E. Dodd, L.W. Massengill}},
	journal = {IEEE Transactions on Nuclear Science},
	number = {3},
	pages = {583-602},
	title = {{Basic Mechanisms and Modeling of Single-Event Upset in Digital Microelectronics}},
	volume = {50},
	year = {2003}}

@article{Turmon_TC03,
	//month = {May},
	author = {{M. Turmon, R. Granat, D.S. Katz, and J.Z. Lou}},
	journal = {IEEE Transactions on Computers},
	number = {5},
	pages = {579-591},
	title = {Tests and Tolerances for High-Performance Software-Implemented Fault Detection},
	volume = {52},
	year = {2003}}

@inproceedings{Dan_Micro03,
	author = {Ernst, D. and Nam Sung Kim and Das, S. and Pant, S. and Rao, R. and Toan Pham and Ziesler, C. and Blaauw, D. and Austin, T. and Flautner, K. and Mudge, T.},
	booktitle = {Proceedings. 36th Annual IEEE/ACM International Symposium on Microarchitecture, 2003. MICRO-36.},
	pages = {7-18},
	title = {Razor: a low-power pipeline based on circuit-level timing speculation},
	year = {2003}}

@inproceedings{Hamid_ISPDC03,
	author = {Zarandi, H.R. and Miremadi, S.G. and Ejlali, A.},
	booktitle = {Second International Symposium on Parallel and Distributed Computing, 2003. Proceedings.},
	pages = {281-287},
	title = {Fault injection into verilog models for dependability evaluation of digital systems},
	year = {2003}}

@inproceedings{OB_Invert_03,
	author = {Rodriguez, R. and Stathis, J.H. and Linder, B.P.},
	booktitle = {2003 IEEE International Reliability Physics Symposium Proceedings, 2003. 41st Annual.},
	pages = {11-16},
	title = {Modeling and experimental verification of the effect of gate oxide breakdown on CMOS inverters},
	year = {2003}}

@inproceedings{Pipeline_damping_ISCA03,
	author = {Powell, M.D. and Vijaykumar, T.N.},
	booktitle = {30th Annual International Symposium on Computer Architecture, 2003. Proceedings.},
	pages = {72-83},
	title = {Pipeline damping: a microarchitectural technique to reduce inductive noise in supply voltage},
	year = {2003}}

@article{ParameterVariations_DAC03,
	author = {{S. Borkar, T. Karnik, S. Narendra, J. Tschanz, A. Keshavarzi, and V. De}},
	journal = {DAC},
	pages = {338-342},
	title = {{Parameter Variations and Impact on Circuits and Microarchitecture}},
	year = {2003}}

@article{binning,
	author = {Cory, B. D. and Kapur, R. and Underwood, B.},
	journal = {IEEE Design and Test of Computers},
	number = {5},
	pages = {41-45},
	title = {Speed binning with path delay test in 150-nm technology},
	volume = {20},
	year = {2003}}

@article{Victor_TC04,
	//month = {Aug.},
	author = {{V. Zyuban, D. Brooks, V. Srinivasan, M. Gschwind, P. Bose, P.N. Strenski, and P.G. Emma}},
	journal = {IEEE Transactions on Computers},
	number = {8},
	pages = {1004-1016},
	title = {{Integrated Analysis of Power and Performance For Pipelined Microprocessors}},
	volume = {53},
	year = {2004}}

@article{Eaton_TNS04,
	//month = {Dec.},
	author = {{P. Eaton, J. Benedetto, D. Mavis, K. Avery, M. Sibley, M. Gadlage, and T. Turflinger}},
	journal = {IEEE Transactions on Nuclear Science},
	number = {6},
	pages = {3365-3368},
	title = {{Single Event Transient Pulsewidth Measurements Using a Variable Temporal Latch Technique}},
	volume = {51},
	year = {2004}}


@article{DLL2_04,
	author = {Young-Jin Jeon and Joong-Ho Lee and Hyun-Chul Lee and Kyo-Won Jin and Kyeong-Sik Min and Jin-Yong Chung and Park, H.-J.},
	journal = {IEEE Journal of Solid-State Circuits},
	number = {11},
	pages = {2087-2092},
	title = {A 66-333-MHz 12-mW register-controlled DLL with a single delay line and adaptive-duty-cycle clock dividers for production DDR SDRAMs},
	volume = {39},
	year = {2004}}

@inproceedings{Reliability-Aware_04,
	author = {Srinivasan, J. and Adve, S.V. and Bose, P. and Rivers, J.A.},
	booktitle = {Proceedings. 31st Annual International Symposium on Computer Architecture},
	pages = {276-287},
	title = {The case for lifetime reliability-aware microprocessors},
	year = {2004}}

@article{Impact_BD_04,
	author = {{A. Avellan, and W.H. Krautschneider}},
	journal = {Transactions on Device and Materials Reliability},
	number = {4},
	pages = {676-680},
	title = {{Impact of soft and hard breakdown on analog and digital circuits}},
	volume = {4},
	year = {2004}}

@inproceedings{ImpactTechnologyScaling_04,
	//publisher = {IEEE Computer Society},
	author = {Srinivasan, Jayanth and Adve, Sarita V. and Bose, Pradip and Rivers, Jude A.},
	booktitle = {International Conference on Dependable Systems and Networks, 2004},
	pages = {177-186},
	title = {The impact of technology scaling on lifetime reliability},
	year = {2004}}

@article{degradation_05,
	author = {Borkar, S.},
	journal = {IEEE MICRO},
	number = {6},
	pages = {10-16},
	title = {Designing reliable systems from unreliable components: the challenges of transistor variability and degradation},
	volume = {25},
	year = {2005}}

@article{Baumann_TDMR05,
	//month = {Sep.},
	author = {{R.C. Baumann}},
	journal = {IEEE Transactions on Device and Materials Reliability},
	number = {3},
	pages = {305-316},
	title = {{Radiation-Induced Soft Errors in Advanced Semiconductor Technologies}},
	volume = {5},
	year = {2005}}

@article{Mitra_C05,
	//month = {Feb.},
	author = {{S. Mitra, N. Seifert, M. Zhang, Q. Shi, and K.S. Kim}},
	journal = {IEEE Computer},
	number = {2},
	pages = {43-52},
	title = {{Robust System Design with Built-In Soft-Error Resilience}},
	volume = {38},
	year = {2005}}

@article{Han_DT05,
	//month = {July-Aug.},
	author = {{J. Han, J. Gao, Y. Qi, P. Jonker, and J.A.B. Fortes}},
	journal = {IEEE Design \& Test of Computers},
	number = {4},
	pages = {328-339},
	title = {{Toward Hardware-Redundant, Fault-Tolerant Logic for Nanoelectronics}},
	volume = {22},
	year = {2005}}

@inproceedings{Qureshi_DSN05,
	//month = {July},
	author = {Qureshi, M.K. and Mutlu, O. and Patt, Y.N.},
	booktitle = {2005 International Conference on Dependable Systems and Networks (DSN'05)},
	pages = {434-443},
	title = {{Microarchitecture-Based Introspection: A Technique for Transient-Fault Tolerance in Microprocessors}},
	year = {2005}}

@inproceedings{Reis_CGO05,
	//month = {Mar.},
	author = {{G.A. Reis, J. Chang, Neil Vachharajani, Ram Rangan, David I. August}},
	booktitle = {Proceedings of the International Symposium on Code Generation and Optimization},
	pages = {243-254},
	title = {{SWIFT: Software Implemented Fault Tolerance}},
	year = {2005}}

@article{Saggese_Micro05,
	//month = {Nov.},
	author = {{G.P. Saggese, N.J. Wang, Z.T. Kalbarczyk, S.J. Patel, and R.K. Iyer}},
	journal = {IEEE Micro},
	number = {6},
	pages = {30-39},
	title = {{An Experimental Study Of Soft Errors In Microprocessors}},
	volume = {25},
	year = {2005}}

@article{Nicolaidis_TDMR05,
	//month = {Sep.},
	author = {{M. Nicolaidis}},
	journal = {IEEE Transactions on Device and Materials Reliability},
	number = {3},
	pages = {405-418},
	title = {{Design for Soft Error Mitigation}},
	volume = {5},
	year = {2005}}

@inproceedings{Gomaa_ISCA05,
	author = {{M.A. Gomaa, T.N. Vijaykumar}},
	booktitle = {Proceedings of the 32nd International Symposium on Computer Architecture (ISCA)},
	pages = {172-183},
	title = {{Opportunistic Transient-Fault Detection}},
	year = {2005}}

@inproceedings{Heidergott_DAC05,
	author = {{W. Heidergott}},
	booktitle = {Proceedings of the 42nd Design Automation Conference (DAC)},
	pages = {5-10},
	title = {{SEU Tolerant Device, Circuit and Processor Design}},
	year = {2005}}

@inproceedings{Mukherjee_HPCA05,
	author = {{S.S. Mukherjee, J. Emer, and S.K. Reinhardt}},
	booktitle = {In the Proceedings of the 11th International Symposium on High-Performance Computer Architecture (HPCA)},
	month = {Feb.},
	pages = {243-247},
	title = {{The Soft Error Problem: An Architectural Perspective}},
	year = {2005}}

@article{NBTI_Impact05,
	author = {{B.C. Paul, K. Kunhyuk, H. Kufluoglu, M. A. Alam, K. Roy}},
	journal = {IEEE Electron Device Letters},
	number = {8},
	pages = {560-562},
	title = {{Impact of NBTI on the temporal performance degradation of digital circuits}},
	volume = {26},
	year = {2005}}

@inproceedings{Itanium_clock05,
	author = {Doyle, B. and Mahoney, P. and Fetzer, E. and Naffziger, S.},
	booktitle = {2005 International Conference on Integrated Circuit Design and Technology, 2005. ICICDT 2005.},
	pages = {292-293, 599},
	title = {Clock distribution on a dual-core, multi-threaded Itanium/spl reg/ family microprocessor},
	year = {2005}}

@article{Foxton_JSSC06,
	author = {McGowen, R. and Poirier, C.A. and Bostak, C. and Ignowski, J. and Millican, M. and Parks, W.H. and Naffziger, S.},
	journal = {IEEE Journal of Solid-State Circuits},
	number = {1},
	pages = {229-237},
	title = {Power and temperature control on a 90-nm Itanium family processor},
	volume = {41},
	year = {2006}}

@article{Zhang_TVLSI06,
	//month = {Dec.},
	author = {{M. Zhang, S. Mitra, T.M. Mak, N. Seifert, N.J. Wang, Q. Shi, K.S. Kim, N.R. Shanbhag, and S.J. Patel}},
	journal = {IEEE Transactions on Very Large Scale Integration (VLSI) Systems},
	number = {12},
	pages = {1368-1378},
	title = {{Sequential Element Design With Built-In Soft Error Resilience}},
	volume = {14},
	year = {2006}}

@inproceedings{Ma_ICCD06,
	//month = {Oct.},
	author = {{Y. Ma, H. Zhou}},
	booktitle = {Proceedings of the International Conference on Computer Design (ICCD)},
	pages = {120-126},
	title = {{Efficient Transient-Fault Tolerance for Multithreaded Processors Using Dual-Thread Execution}},
	year = {2006}}

@inproceedings{Modeling-and-minimization_06,
	author = {Vattikonda, R. and Wenping Wang and Yu Cao},
	booktitle = {2006 43rd ACM/IEEE Design Automation Conference},
	pages = {1047-1052},
	title = {Modeling and minimization of PMOS NBTI effect for robust nanometer design},
	year = {2006}}

@article{Chang_DSN06,
	author = {Reis, George A. and Chang, Jonathan and August, David I.},
	journal = {IEEE Micro},
	number = {1},
	pages = {36-47},
	title = {Automatic Instruction-Level Software-Only Recovery},
	volume = {27},
	year = {2007}}

@inproceedings{Reddy_ASPLOS06,
	author = {{V.K. Reddy, S. Parthasarathy, and E. Rotenberg}},
	booktitle = {Proceedings of the 12th International Conference on Architectural Support for Programming Languages and Operating Systems (ASPLOS)},
	pages = {83-94},
	title = {{Understanding Prediction-Based Partial Redundant Threading for Low-Overhead, High-Coverage Fault Tolerance}},
	year = {2006}}

@article{Razor_JSSC06,
	//month = {Apr.},
	author = {{S. Das, D. Roberts, S. Lee, S. Pant, D. Blaauw, T. Austin, K. Flautner, and T. Mudge}},
	journal = {IEEE Jouranl of Solid-State Circuits},
	number = {4},
	pages = {792-804},
	title = {{A Self-Tuning DVS Processor Using Delay-Error Detection and Correction}},
	volume = {41},
	year = {2006}}

@article{Variation_IBM,
	//month = {July/Sep.},
	author = {{K. Bernstein, D.J. Frank, A.E. Gattiker, W. Haensch, B.L. Ji, S.R. Nassif, E.J. Nowak, D.J. Pearson, and N.J. Rohrer}},
	journal = {IBM Journal of Reserach \& Developement},
	number = {4/5},
	pages = {433-449},
	title = {{High-performance CMOS variability in the 65-nm regime and beyond}},
	volume = {50},
	year = {2006}}

@article{Delay_Insertion_06,
	author = {{B. Taskin, I.S. Kourtev,}},
	journal = {IEEE Transactions on Computer-Aided Design of Integrated Circuits and Systems},
	number = {4},
	pages = {651-663},
	title = {{Delay insertion method in clock skew scheduling}},
	volume = {25},
	year = {2006}}

@article{PTM_06,
	//month = {Nov.},
	author = {{W. Zhao, and Y. Cao}},
	journal = {IEEE Trans. on Electron Devices},
	number = {11},
	pages = {2816-2823},
	title = {{New generation of Predictive Technology Model for sub-45nm early design exploration}},
	volume = {53},
	year = {2006}}

@inproceedings{Noise_controller_Micro06,
	author = {Mohamood, Fayez and Healy, Michael B. and Lim, Sung Kyu and Lee, Hsien-hsin S.},
	booktitle = {2006 39th Annual IEEE/ACM International Symposium on Microarchitecture (MICRO'06)},
	pages = {3-14},
	title = {A Floorplan-Aware Dynamic Inductive Noise Controller for Reliable Processor Design},
	year = {2006}}

@article{TDC_06,
	author = {{R. B. Staszewski, S. Vemulapalli,P. Vallur,J. Wallberg, and P. T. Balsara}},
	journal = {IEEE Transactions on Circuits and Systems II},
	pages = {220-224},
	title = {{1.3 V 20 ps time-to-digital converter for frequency synthesis in 90-nm CMOS}},
	year = {2006}}

@article{ThermalManagement_isca06,
	author = {Staszewski, R.B. and Vemulapalli, S. and Vallur, P. and Wallberg, J. and Balsara, P.T.},
	journal = {IEEE Transactions on Circuits and Systems II: Express Briefs},
	number = {3},
	pages = {220-224},
	title = {1.3 V 20 ps time-to-digital converter for frequency synthesis in 90-nm CMOS},
	volume = {53},
	year = {2006}}

@inproceedings{Multicore_power_Micro06,
	author = {Isci, Canturk and Buyuktosunoglu, Alper and Cher, Chen-yong and Bose, Pradip and Martonosi, Margaret},
	booktitle = {2006 39th Annual IEEE/ACM International Symposium on Microarchitecture (MICRO'06)},
	pages = {347-358},
	title = {An Analysis of Efficient Multi-Core Global Power Management Policies: Maximizing Performance for a Given Power Budget},
	year = {2006}}

@inproceedings{Temporal-Performance-Degradation-date06,
	author = {Paul, Bipul C and Kang, Kunhyuk and Kufluoglu, Haldun and Alam, Muhammad Ashraful and Roy, Kaushik},
	booktitle = {Proceedings of the Design Automation \& Test in Europe Conference},
	pages = {1-6},
	title = {Temporal performance degradation under NBTI: Estimation and design for improved reliability of nanoscale circuits},
	volume = {1},
	year = {2006}}

@article{parashar2006slick,
	//publisher = {ACM New York, NY, USA},
	author = {Parashar, Angshuman and Sivasubramaniam, Anand and Gurumurthi, Sudhanva},
	journal = {ACM SIGOPS Operating Systems Review},
	number = {5},
	pages = {95--105},
	title = {SlicK: slice-based locality exploitation for efficient redundant multithreading},
	volume = {40},
	year = {2006}}

@article{shyam2006ultra,
	//publisher = {ACM New York, NY, USA},
	author = {Shyam, Smitha and Constantinides, Kypros and Phadke, Sujay and Bertacco, Valeria and Austin, Todd},
	journal = {ACM SIGARCH Computer Architecture News},
	number = {5},
	pages = {73--82},
	title = {Ultra low-cost defect protection for microprocessor pipelines},
	volume = {34},
	year = {2006}}

@inproceedings{bower2006applying,
	author = {Bower, Fred A and Hower, Derek and Yilmaz, Mahmut and Sorin, Daniel J and Ozev, Sule},
	booktitle = {Proceedings of the joint international conference on Measurement and modeling of computer systems},
	pages = {375--376},
	title = {Applying architectural vulnerability analysis to hard faults in the microprocessor},
	year = {2006}}

@inproceedings{fu2006sim,
	author = {Fu, Xin and Li, Tao and Fortes, Jos{\'e}},
	booktitle = {Workshop on modeling, benchmarking and simulation},
	title = {Sim-SODA: A unified framework for architectural level software reliability analysis},
	volume = {2006},
	year = {2006}}

@inproceedings{kumar2006reducing,
	author = {Kumar, Sumeet and Aggarwal, Aneesh},
	booktitle = {The Twelfth International Symposium on High-Performance Computer Architecture, 2006.},
	pages = {212--221},
	title = {Reducing resource redundancy for concurrent error detection techniques in high performance microprocessors},
	year = {2006}}

@article{lu2006efficient,
	//publisher = {IEEE},
	author = {Lu, Shyue-Kung and Tsai, Yu-Chen and Hsu, C-H and Wang, Kuo-Hua and Wu, Cheng-Wen},
	journal = {IEEE Transactions on Very Large Scale Integration (VLSI) Systems},
	number = {1},
	pages = {34--42},
	title = {Efficient built-in redundancy analysis for embedded memories with 2-D redundancy},
	volume = {14},
	year = {2006}}

@inproceedings{mcpherson2006reliability,
	author = {McPherson, Joseph W},
	booktitle = {2006 43rd ACM/IEEE design automation conference},
	pages = {176--181},
	title = {Reliability challenges for 45nm and beyond},
	year = {2006}}

@inproceedings{constantinides2006bulletproof,
	author = {Constantinides, Kypros and Plaza, Stephen and Blome, Jason and Zhang, Bin and Bertacco, Valeria and Mahlke, Scott and Austin, Todd and Orshansky, Michael},
	booktitle = {The Twelfth International Symposium on High-Performance Computer Architecture, 2006.},
	pages = {5--16},
	title = {BulletProof: A defect-tolerant CMP switch architecture},
	year = {2006}}

@article{wang2006restore,
	author = {Wang, Nicholas J and Patel, Sanjay J},
	journal = {IEEE Transactions on Dependable and Secure Computing},
	number = {3},
	pages = {188--201},
	publisher = {IEEE},
	title = {{ReStore: Symptom-based soft error detection in microprocessors}},
	volume = {3},
	year = {2006}}

@inproceedings{pan2007framework,
	author = {Pan, Sung-Jui and Cheng, Kwang-Ting},
	booktitle = {2007 Design, Automation \& Test in Europe Conference \& Exhibition},
	pages = {1--6},
	title = {A framework for system reliability analysis considering both system error tolerance and component test quality},
	year = {2007}}

@inproceedings{alaghi2007online,
	author = {Alaghi, Armin and Karimi, Naghmeh and Sedghi, Mahshid and Navabi, Zainalabedin},
	booktitle = {22nd IEEE International Symposium on Defect and Fault-Tolerance in VLSI Systems (DFT 2007)},
	pages = {21--29},
	title = {Online NoC switch fault detection and diagnosis using a high level fault model},
	year = {2007}}

@inproceedings{annavaram2007implications,
	author = {Annavaram, Murali and Grochowski, Ed and Reed, Paul},
	booktitle = {2007 IEEE 13th International Symposium on High Performance Computer Architecture},
	pages = {37--45},
	title = {Implications of device timing variability on full chip timing},
	year = {2007}}

@article{zhang2007fault,
	//publisher = {TUP},
	author = {Zhang, Lei and Han, Yinhe and Li, Huawei and Li, Xiaowe},
	journal = {Tsinghua Science and Technology},
	number = {S1},
	pages = {169--174},
	title = {Fault tolerance mechanism in chip many-core processors},
	volume = {12},
	year = {2007}}

@inproceedings{makar2007testing,
	//publisher = {IEEE},
	author = {Makar, Samy and Altinis, Tony and Patkar, Niteen and Wu, Janet},
	booktitle = {2007 IEEE International Test Conference},
	pages = {1--10},
	title = {Testing of Vega2, a chip multi-processor with spare processors.},
	year = {2007}}

@misc{Microsoft2007numa,
	author = {Microsoft, Ed},
	month = {March},
	title = {Application Software Considerations for NUMA-Based Systems},
	year = {2007}}

@misc{sperling2007turn,
	author = {Sperling, Ed},
	month = {July},
	note = {url ={http://www.edn.com/turn-down-the-heat-please/}},
	title = {Turn down the heat... please},
	year = {2006}}

@inproceedings{agarwal2007kill,
	author = {Agarwal, Anant and Levy, Markus},
	booktitle = {Proceedings of the 44th annual Design Automation Conference},
	pages = {750--753},
	title = {The kill rule for multicore},
	year = {2007}}

@inproceedings{wang2007impact,
	//publisher = {IEEE},
	author = {Wang, Wenping and Yang, Shengqi and Bhardwaj, Sarvesh and Vattikonda, Rakesh and Vrudhula, Sarma and Liu, Frank and Cao, Yu},
	booktitle = {Proceedings of the 44th annual Design Automation Conference},
	pages = {364--369},
	title = {{The impact of NBTI on the performance of combinational and sequential circuits}},
	year = {2007}}

@inproceedings{smolens2007detecting,
	//publisher = {Citeseer},
	author = {Smolens, Jared C and Gold, Brian T and Hoe, James C and Falsafi, Babak and Mai, Ken},
	booktitle = {Proceedings of the IEEE Workshop on Silicon Errors in Logic - System Effects},
	pages = {1-6},
	title = {Detecting emerging wearout faults},
	year = {2007}}

@inproceedings{mitigate,
	author = {Abhishek Das and Serkan Ozdemir and Gokhan Memik and Joseph Zambreno and Alok Choudhary},
	booktitle = {In Workshop on Architectural Support for Gigascale Integration (ASGI},
	pages = {1-11},
	title = {Mitigating the Effects of Process Variations: Architectural Approaches for Improving Batch Performance},
	year = {2007}}

@inproceedings{Nicolaidis_ITC07,
	//month = {Oct.},
	author = {Nicolaidis, Michael},
	booktitle = {2007 IEEE International Test Conference},
	pages = {1-10},
	title = {GRAAL: a new fault tolerant design paradigm for mitigating the flaws of deep nanometric technologies},
	year = {2007}}

@inproceedings{Racunas_HPCA07,
	author = {{P. Racunas, K. Constantinides, S. Manne, and S.S. Mukherjee}},
	booktitle = {Proceedings of the IEEE 13th International Symposium on High Performance Computer Architecture (HPCA)},
	pages = {169-180},
	title = {{Perturbation-based Fault Screening}},
	year = {2007}}

@inproceedings{Sakata_DSN07,
	author = {{T. Sakata, T. Hirotsu, H. Yamada, and T. Kataoka}},
	booktitle = {Proceedings of the 37th Annual IEEE/IFIP International Conference on Dependable Systems and Networks (DSN)},
	pages = {256-265},
	title = {{A Cost-effective Dependable Microcontroller Architecture with Instruction-level Rollback for Soft Error Recovery}},
	year = {2007}}

@inproceedings{Alex_DSN07,
	author = {{A. Shye, T. Moseley, V.J. Reddi, J. Blomstedt, and D.A. Connors}},
	booktitle = {Proceedings of the 37th Annual IEEE/IFIP International Conference on Dependable Systems and Networks (DSN)},
	pages = {297-306},
	title = {{Using Process-Level Redundancy to Exploit Multiple Cores for Transient Fault Tolerance}},
	year = {2007}}

@inproceedings{lowcost_date07,
	author = {Mehrara, Mojtaba and Attariyan, Mona and Shyam, Smitha and Constantinides, Kypros and Bertacco, Valeria and Austin, Todd},
	booktitle = {2007 Design, Automation Test in Europe Conference Exhibition},
	pages = {1146-1157},
	title = {Low-Cost Protection for SER Upsets and Silicon Defects},
	year = {2007}}

@inproceedings{Self-calibrating_07,
	author = {{J. Blome, S. Feng, S. Gupta, and S. Mahlke}},
	booktitle = {40th Annual IEEE/ACM International Symposium on Microarchitecture (MICRO 2007)},
	pages = {109-122},
	title = {{Self-calibrating Online Wearout Detection}},
	year = {2007}}

@inproceedings{Penelope_07,
	author = {{J. Abella, X. Vera, and A. Gonzalez}},
	booktitle = {40th Annual IEEE/ACM International Symposium on Microarchitecture (MICRO 2007)},
	pages = {85-96},
	title = {{Penelope: The NBTI-Aware Processor}},
	year = {2007}}

@article{Compact-Modeling_07,
	author = {Wang, Wenping and Reddy, Vijay and Krishnan, Anand T. and Vattikonda, Rakesh and Krishnan, Srikanth and Cao, Yu},
	journal = {IEEE Transactions on Device and Materials Reliability},
	number = {4},
	pages = {509-517},
	title = {Compact Modeling and Simulation of Circuit Reliability for 65-nm CMOS Technology},
	volume = {7},
	year = {2007}}

@article{eyerman2007top,
	//publisher = {IEEE},
	author = {Eyerman, Stijn and Eeckhout, Lieven and Karkhanis, Tejas and Smith, James E},
	journal = {IEEE micro},
	number = {1},
	pages = {84--93},
	title = {{A top-down approach to architecting CPI component performance counters}},
	volume = {27},
	year = {2007}}

@inproceedings{Recycle_07,
	author = {{A. Tiwari, S. R. Sarangi, and J. Torrellas}},
	booktitle = {Proceedings of the 34th Annual International Symposium on Computer Architecture},
	pages = {323-334},
	title = {{ReCycle: Pipeline Adaptation to Tolerate Process Variation}},
	year = {2007}}

@inproceedings{Framework_DSN07,
	author = {Shin, Jeonghee and Zyuban, Victor and Hu, Zhigang and Rivers, Jude A. and Bose, Pradip},
	booktitle = {37th Annual IEEE/IFIP International Conference on Dependable Systems and Networks (DSN'07)},
	pages = {534-543},
	title = {A Framework for Architecture-Level Lifetime Reliability Modeling},
	year = {2007}}

@inproceedings{Identify_Critical_Gates_ICCAD07,
	author = {{W. Wang, Z. Wei, S. Yang, and Y. Cao}},
	booktitle = {Proceedings of the 2007 IEEE/ACM International Conference on Computer-Aided Design},
	pages = {735--740},
	title = {{An Efficient Method to Identify Critical Gates under Circuit Aging}},
	year = {2007}}

@inproceedings{Tempvariation_ICCAD07,
	author = {{Jieyi Long, Ja Chun Ku, Seda Ogrenci Memik, and Yehea Ismail}},
	booktitle = {Proceedings of the 2007 IEEE/ACM International Conference on Computer-Aided Design},
	pages = {75-82},
	title = {{A self-adjusting clock tree architecture to cope with temperature variations}},
	year = {2007}}

@article{decapplanning_tcad07,
	author = {Wong, Eric and Minz, Jacob Rajkumar and Lim, Sung Kyu},
	journal = {IEEE Transactions on Computer-Aided Design of Integrated Circuits and Systems},
	number = {11},
	pages = {2023-2034},
	title = {Decoupling-Capacitor Planning and Sizing for Noise and Leakage Reduction},
	volume = {26},
	year = {2007}}

@article{CRISTA_TCAD07,
	//month = {Nov.},
	author = {{S. Ghosh, S. Bhunia, and K. Roy}},
	journal = {IEEE Transactions on Computer-Aided Design of Integrated Circuits and Systems},
	number = {11},
	pages = {1947-1956},
	title = {{CRISTA: A New Paradigm for Low-Power, Variation-Tolerant, and Adaptive Circuit Synthesis Using Critical Path Isolation}},
	volume = {26},
	year = {2007}}

@inproceedings{DVFS_ISLPED07,
	author = {Herbert, Sebastian and Marculescu, Diana},
	booktitle = {Proceedings of the 2007 international symposium on Low power electronics and design (ISLPED '07)},
	pages = {38-43},
	title = {{Analysis of dynamic voltage/frequency scaling in chip-multiprocessors}},
	year = {2007}}

@inproceedings{ThermalDVFS,
	//publisher = {ACM},
	author = {Hanson, Heather and Keckler, Stephen W. and Ghiasi, Soraya and Rajamani, Karthick and Rawson, Freeman and Rubio, Juan},
	booktitle = {Proceedings of the 2007 international symposium on Low power electronics and design (ISLPED '07)},
	pages = {219-224},
	title = {Thermal response to DVFS: analysis with an Intel Pentium M},
	year = {2007}}

@inproceedings{Opteron_ISSCC07,
	author = {{J. Dorsey, S. Searles, M. Ciraula, S. Johnson, N. Bujanos, D. Wu, M. Braganza, S. Meyers, E. Fang, and R. Kumar}},
	booktitle = {2007 IEEE International Solid-State Circuits Conference. Digest of Technical Papers},
	pages = {102-103},
	title = {{An Integrated Quad-Core Opteron Processor}},
	year = {2007}}

@inproceedings{Soft-edge_ICCAD07,
	author = {Joshi, Vivek and Blaauw, David and Sylvester, Dennis},
	booktitle = {2007 IEEE/ACM International Conference on Computer-Aided Design},
	pages = {667-673},
	title = {{Soft-edge flip-flops for improved timing yield: design and optimization}},
	year = {2007}}

@inproceedings{BP_07,
	author = {{A. Das et al.}},
	booktitle = {Workshop on Architectural Support for Gigascale Integration},
	pages = {1-11},
	title = {{Mitigating the Effects of Process Variations: Architectural Approaches for Improving Batch Performances}},
	year = {2007}}

@article{diagnosis,
	author = {FRED A. BOWER and DANIEL J. SORIN and SULE OZEV},
	journal = {ACM Trans. Archit. Code Optim.},
	number = {2},
	pages = {Article 8, 32 pages},
	title = {Online Diagnosis of Hard Faults in Microprocessors},
	volume = {4},
	year = {2007}}

@inproceedings{thousandcore,
	author = {Borkar, Shekhar},
	booktitle = {Proceedings of the 44th Annual Design Automation Conference},
	pages = {746-749},
	publisher = {ACM},
	title = {Thousand core chips: a technology perspective},
	year = {2007}}

@article{Gate-oxide-breakdown-07,
	//publisher = {Elsevier},
	author = {Kaczer, Ben and Degraeve, Robin and Roussel, Ph and Groeseneken, Guido},
	journal = {Microelectronics Reliability},
	number = {4-5},
	pages = {559--566},
	title = {Gate oxide breakdown in FET devices and circuits: From nanoscale physics to system-level reliability},
	volume = {47},
	year = {2007}}

@inproceedings{Using_Register_Lifetime_dsn07,
	//publisher = {IEEE},
	author = {Montesinos, Pablo and Liu, Wei and Torrellas, Josep},
	booktitle = {37th Annual IEEE/IFIP International Conference on Dependable Systems and Networks (DSN'07)},
	pages = {286--296},
	title = {Using register lifetime predictions to protect register files against soft errors},
	year = {2007}}

@inproceedings{Mitigating_Parameter_Variation_micro07,
	//publisher = {IEEE},
	author = {Teodorescu, Radu and Nakano, Jun and Tiwari, Abhishek and Torrellas, Josep},
	booktitle = {40th Annual IEEE/ACM International Symposium on Microarchitecture (MICRO 2007)},
	pages = {27--42},
	title = {Mitigating parameter variation with dynamic fine-grain body biasing},
	year = {2007}}

@inproceedings{flich2008efficient,
	author = {Flich, Jose and Rodrigo, Samuel and Duato, Jos{\'e}},
	booktitle = {Second ACM/ieee international symposium on networks-on-chip (NOCs 2008)},
	pages = {87--96},
	title = {An efficient implementation of distributed routing algorithms for NoCs},
	year = {2008}}

@article{siliconodometer,
	author = {Tae-Hyoung, Kim and Persaud, R. and Kim, C. H.},
	journal = {IEEE Journal of Solid-State Circuits},
	number = {4},
	pages = {874-880},
	title = {Silicon Odometer: An On-Chip Reliability Monitor for Measuring Frequency Degradation of Digital Circuits},
	volume = {43},
	year = {2008}}

@inproceedings{Razor2_ISSCC08,
	author = {{D. Blaauw, S. Kalaiselvan, K. Lai, W.H. Ma, S. Pant, C. Tokunaga, S. Das, and D. Bull}},
	booktitle = {Proceedings of the IEEE International Solid-State Circuits Conference},
	pages = {400-401},
	title = {{Razor II: In Situ Error Detection and Correction for PVT and SER Tolerance}},
	year = {2008}}

@inproceedings{VoltageInterpolation_ISSCC08,
	author = {{X. Liang, D. Brooks, and G.Y. Wei}},
	booktitle = {Proceedings of the IEEE International Solid-State Circuits Conference},
	pages = {404-405},
	title = {{A Process-Variation-Tolerant Floating-Point Unit with Voltage Interpolation and Variable Latency}},
	year = {2008}}

@inproceedings{failure_prediction2_08,
	author = {{M. Agarwal, et al.}},
	booktitle = {2008 IEEE International Test Conference},
	pages = {1-10},
	title = {{Optimized Circuit Failure Prediction for Aging: Practicality and Promise}},
	year = {2008}}

@inproceedings{CWSP_DATE08,
	author = {{C. Nagpal, R. Garg, S.P. Khatri}},
	booktitle = {2008 Design, Automation and Test in Europe},
	pages = {354-359},
	title = {{A Delay-efficient Radiation-hard Digital Design Approach Using CWSP Elements}},
	year = {2008}}

@inproceedings{Early_Life_Failure_Prediction,
	author = {{T. W. Chen, K. Kim, Y. M. Kim, and S. Mitra}},
	booktitle = {26th IEEE VLSI Test Symposium (vts 2008)},
	pages = {111-118},
	title = {{Gate-Oxide Early Life Failure Prediction}},
	year = {2008}}

@inproceedings{Facelift_08,
	author = {{A. Tiwari and J. Torrellas}},
	booktitle = {2008 41st IEEE/ACM International Symposium on Microarchitecture},
	pages = {129-140},
	title = {{Facelift: Hiding and Slowing Down Aging in Multicores}},
	year = {2008}}

@article{Revival_08,
	author = {Liang, Xiaoyao and Wei, Gu-Yeon and Brooks, David},
	journal = {IEEE Micro},
	number = {1},
	pages = {127-138},
	title = {Revival: A Variation-Tolerant Architecture Using Voltage Interpolation and Variable Latency},
	volume = {29},
	year = {2009}}

@inproceedings{WearoutRecovery_08,
	author = {{J. Shin, V. Zyuban, P. Bose, and T.M. Pinkston}},
	booktitle = {2008 International Symposium on Computer Architecture},
	pages = {353-362},
	title = {{A Proactive Wearout Recovery Approach for Exploiting Microarchitectural Redundancy to Extend Cache SRAM Lifetime}},
	year = {2008}}

@inproceedings{DeCoR_HPCA08,
	author = {{M. S. Gupta, K. Rangan, M. D. Smith, G.-Y. Wei, and D. M. Brooks}},
	booktitle = {2008 IEEE 14th International Symposium on High Performance Computer Architecture},
	pages = {381-392},
	title = {{DeCoR: A Delayed Commit and Rollback Mechanism for Handling Inductive Noise in Processors}},
	year = {2008}}

@article{Itanium_isscc08,
	author = {Stackhouse, Blaine and Bhimji, Sal and Bostak, Chris and Bradley, Dave and Cherkauer, Brian and Desai, Jayen and Francom, Erin and Gowan, Mike and Gronowski, Paul and Krueger, Dan and Morganti, Charles and Troyer, Steve},
	journal = {IEEE Journal of Solid-State Circuits},
	number = {1},
	pages = {18-31},
	title = {A 65 nm 2-Billion Transistor Quad-Core Itanium Processor},
	volume = {44},
	year = {2009}}

@inproceedings{self-adjusting_dac08,
	author = {{J. Long, and S.O. Memik}},
	booktitle = {2008 45th ACM/IEEE Design Automation Conference},
	pages = {211-216},
	title = {{Automated design of self-adjusting pipelines}},
	year = {2008}}

@article{VARIUS,
	//month = {Feb.},
	author = {{S.R. Sarangi, B. Greskamp, R. Teodorescu, J. Nakano, A. Tiwari, and J. Torrellas}},
	journal = {IEEE Trans. on Semiconductor Manufacturing},
	number = {1},
	pages = {3-13},
	title = {{VARIUS: A Model of Process Variation and Resulting Timing Errors for Microarchitects}},
	volume = {21},
	year = {2008}}

@inproceedings{trace-based-diagnosis,
	author = {Man-Lap Li and Pradeep Ramachandran and Swarup K. Sahoo and Sarita V. Adve and Vikram S. Adve and Yuanyuan Zhou},
	booktitle = {2008 IEEE International Conference on Dependable Systems and Networks With FTCS and DCC (DSN)},
	pages = {22-31},
	title = {Trace-Based Microarchitecture-Level Diagnosis of Permanent Hardware Faults},
	year = {2008}}

@inproceedings{binningcost,
	author = {Mittal, D. and Agrawal, D. and Kukreja, H. and Aggarwal, R.},
	booktitle = {International SoC Design Conference, ISOCC '08.},
	pages = {I-376--I-378},
	title = {Reducing cost of frequency binning: An effective and efficient approach},
	volume = {01},
	year = {2008}}

@inproceedings{Variation_Aware_Application_Scheduling_isca08,
	author = {Teodorescu, Radu and Torrellas, Josep},
	booktitle = {Proceedings of the 35th Annual International Symposium on Computer Architecture},
	pages = {363--374},
	title = {Variation-Aware Application Scheduling and Power Management for Chip Multiprocessors},
	year = {2008}}

@article{Exploiting_selective_placement_taco08,
	//publisher = {ACM New York, NY, USA},
	author = {Mehrara, Mojtaba and Austin, Todd},
	journal = {ACM Transactions on Architecture and Code Optimization (TACO)},
	number = {3},
	pages = {1--24},
	title = {Exploiting selective placement for low-cost memory protection},
	volume = {5},
	year = {2008}}

@article{xiang2008practical,
	author = {Xiang, Dong and Zhang, Yueli and Pan, Yi},
	journal = {IEEE Transactions on Computers},
	number = {5},
	pages = {620--633},
	title = {Practical deadlock-free fault-tolerant routing in meshes based on the planar network fault model},
	volume = {58},
	year = {2008}}

@article{jiang2008new,
	author = {Jiang, Zhen and Wu, Jie and Wang, Dajin},
	journal = {IEEE Transactions on Reliability},
	number = {1},
	pages = {149--162},
	title = {A new fault-information model for adaptive \& minimal routing in 3-D meshes},
	volume = {57},
	year = {2008}}

@inproceedings{zhang2008reconfigurable,
	author = {Zhang, Zhen and Greiner, Alain and Taktak, Sami},
	booktitle = {2008 45th ACM/IEEE Design Automation Conference},
	pages = {441--446},
	title = {A reconfigurable routing algorithm for a fault-tolerant 2D-mesh network-on-chip},
	year = {2008}}

@inproceedings{bell2008tile64,
	//publisher = {IEEE},
	author = {Bell, Shane and Edwards, Bruce and Amann, John and Conlin, Rich and Joyce, Kevin and Leung, Vince and MacKay, John and Reif, Mike and Bao, Liewei and Brown, John and others},
	booktitle = {2008 IEEE International Solid-State Circuits Conference-Digest of Technical Papers},
	pages = {88--598},
	title = {Tile64-processor: A 64-core soc with mesh interconnect},
	year = {2008}}

@article{tayade2008small,
	//publisher = {Elsevier},
	author = {Tayade, Rajeshwary and Abraham, Jacob},
	journal = {Microelectronics journal},
	number = {8},
	pages = {1093--1100},
	title = {Small-delay defect detection in the presence of process variations},
	volume = {39},
	year = {2008}}

@inproceedings{zhang2008multiple,
	//publisher = {IEEE},
	author = {Zhang, Minjin and Li, Huawei and Li, Xiaowei},
	booktitle = {26th IEEE VLSI Test Symposium (vts 2008)},
	pages = {383--388},
	title = {Multiple coupling effects oriented path delay test generation},
	year = {2008}}

@inproceedings{fu2008robust,
	//publisher = {IEEE},
	author = {Fu, Xiang and Li, Huawei and Hu, Yu and Li, Xiaowei},
	booktitle = {2008 Asia and South Pacific Design Automation Conference},
	pages = {659--662},
	title = {Robust test generation for power supply noise induced path delay faults},
	year = {2008}}

@inproceedings{tsai2008all,
	//publisher = {IEEE},
	author = {Tsai, Ming-Chien and Cheng, Ching-Hwa and Yang, Chiou-Mao},
	booktitle = {26th IEEE VLSI Test Symposium (vts 2008)},
	pages = {249--254},
	title = {An all-digital high-precision built-in delay time measurement circuit},
	year = {2008}}

@inproceedings{wang2008path,
	//publisher = {IEEE},
	author = {Wang, Xiaoxiao and Tehranipoor, Mohammad and Datta, Ramyanshu},
	booktitle = {2008 IEEE/ACM International Conference on Computer-Aided Design},
	pages = {640--646},
	title = {Path-RO: A novel on-chip critical path delay measurement under process variations},
	year = {2008}}

@inproceedings{tayade2008chip,
	//publisher = {IEEE},
	author = {Tayade, Rajeshwary and Abraham, Jacob A},
	booktitle = {2008 IEEE International Test Conference},
	pages = {1--10},
	title = {On-chip programmable capture for accurate path delay test and characterization},
	year = {2008}}

@inproceedings{yilmaz2008test,
	//publisher = {IEEE},
	author = {Yilmaz, Mahmut and Chakrabarty, Krishnendu and Tehranipoor, Mohammad},
	booktitle = {26th IEEE VLSI Test Symposium (vts 2008)},
	pages = {233--239},
	title = {Test-pattern grading and pattern selection for small-delay defects},
	year = {2008}}

@article{blaauw2008statistical,
	//publisher = {IEEE},
	author = {Blaauw, David and Chopra, Kaviraj and Srivastava, Ashish and Scheffer, Lou},
	journal = {IEEE transactions on computer-aided design of integrated circuits and systems},
	number = {4},
	pages = {589--607},
	title = {Statistical timing analysis: From basic principles to state of the art},
	volume = {27},
	year = {2008}}

@inproceedings{menon2009output,
	//publisher = {IEEE},
	author = {Menon, Sreekumar and Singh, Adit D and Agrawal, Vishwani},
	booktitle = {2009 27th IEEE VLSI Test Symposium},
	pages = {97--102},
	title = {Output hazard-free transition delay fault test generation},
	year = {2009}}

@inproceedings{pei2009low,
	//publisher = {IEEE},
	author = {Pei, Songwei and Li, Huawei and Li, Xiaowei},
	booktitle = {2009 Asian Test Symposium},
	pages = {145--150},
	title = {A low overhead on-chip path delay measurement circuit},
	year = {2009}}

@article{zhang2009topology,
	author = {Zhang, Lei and Han, Yinhe and Xu, Qiang and wei Li, Xiao and Li, Huawei},
	journal = {IEEE Transactions on Very Large Scale Integration (VLSI) Systems},
	number = {9},
	pages = {1173--1186},
	title = {On topology reconfiguration for defect-tolerant NoC-based homogeneous manycore systems},
	volume = {17},
	year = {2009}}

@inproceedings{moscibroda2009case,
	author = {Moscibroda, Thomas and Mutlu, Onur},
	booktitle = {Proceedings of the 36th annual international symposium on Computer architecture},
	pages = {196--207},
	title = {A case for bufferless routing in on-chip networks},
	year = {2009}}

@article{fan2009godson,
	//publisher = {Springer},
	author = {Fan, Dong-Rui and Yuan, Nan and Zhang, Jun-Chao and Zhou, Yong-Bin and Lin, Wei and Song, Feng-Long and Ye, Xiao-Chun and Huang, He and Yu, Lei and Long, Guo-Ping and others},
	journal = {Journal of Computer Science and Technology},
	number = {6},
	pages = {1061--1073},
	title = {Godson-t: An efficient many-core architecture for parallel program executions},
	volume = {24},
	year = {2009}}

@article{xiang2009deadlock,
	author = {Xiang, Dong},
	journal = {IEEE Transactions on Dependable and Secure Computing},
	number = {1},
	pages = {74--88},
	title = {Deadlock-free adaptive routing in meshes with fault-tolerance ability based on channel overlapping},
	volume = {8},
	year = {2009}}

@inproceedings{fick2009highly,
	author = {Fick, David and DeOrio, Andrew and Chen, Gregory and Bertacco, Valeria and Sylvester, Dennis and Blaauw, David},
	booktitle = {2009 Design, Automation \& Test in Europe Conference \& Exhibition},
	pages = {21--26},
	title = {A highly resilient routing algorithm for fault-tolerant NoCs},
	year = {2009}}

@inproceedings{fick2009vicis,
	author = {Fick, David and DeOrio, Andrew and Hu, Jin and Bertacco, Valeria and Blaauw, David and Sylvester, Dennis},
	booktitle = {Proceedings of the 46th Annual Design Automation Conference},
	pages = {812--817},
	title = {Vicis: A reliable network for unreliable silicon},
	year = {2009}}

@inproceedings{SVFD_09,
	author = {Yan, Guihai and Han, Yinhe and Li, Xiaowei},
	booktitle = {2009 Design, Automation Test in Europe Conference Exhibition},
	pages = {496-501},
	title = {A unified online Fault Detection scheme via checking of Stability Violation},
	year = {2009}}

@inproceedings{VoltageEmergencyPrediction_HPCA09,
	author = {Reddi, Vijay Janapa and Gupta, Meeta S. and Holloway, Glenn and Wei, Gu-Yeon and Smith, Michael D. and Brooks, David},
	booktitle = {2009 IEEE 15th International Symposium on High Performance Computer Architecture},
	pages = {18-29},
	title = {Voltage emergency prediction: Using signatures to reduce operating margins},
	year = {2009}}

@inproceedings{salvaging,
	//address = {New York, NY, USA},
	//location = {Austin, TX, USA},
	//publisher = {Association for Computing Machinery},
	//series = {ISCA '09},
	author = {Powell, Michael D. and Biswas, Arijit and Gupta, Shantanu and Mukherjee, Shubhendu S.},
	booktitle = {Proceedings of the 36th Annual International Symposium on Computer Architecture},
	pages = {93--104},
	title = {Architectural Core Salvaging in a Multi-Core Processor for Hard-Error Tolerance},
	year = {2009}}

@inproceedings{mswat,
	author = {Hari, Siva Kumar Sastry and Li, Man-Lap and Ramachandran, Pradeep and Choi, Byn and Adve, Sarita V.},
	booktitle = {2009 42nd Annual IEEE/ACM International Symposium on Microarchitecture (MICRO)},
	pages = {122-132},
	title = {mSWAT: Low-cost hardware fault detection and diagnosis for multicore systems},
	year = {2009}}

@inproceedings{variationdvfs,
	author = {Herbert, Sebastian and Marculescu, Diana},
	booktitle = {2009 IEEE 15th International Symposium on High Performance Computer Architecture},
	pages = {301-312},
	title = {Variation-aware dynamic voltage/frequency scaling},
	year = {2009}}

@inproceedings{tschanz201045nm,
	//organization = {IEEE},
	author = {Tschanz, James and Bowman, Keith and Lu, Shih-Lien and Aseron, Paolo and Khellah, Muhammad and Raychowdhury, Arijit and Geuskens, Bibiche and Tokunaga, Carlos and Wilkerson, Chris and Karnik, Tanay and others},
	booktitle = {2010 IEEE International Solid-State Circuits Conference-(ISSCC)},
	pages = {282--283},
	title = {{A 45nm resilient and adaptive microprocessor core for dynamic variation tolerance}},
	year = {2010}}

@inproceedings{rodrigo2010addressing,
	author = {Rodrigo, Samuel and Flich, Jose and Roca, Antoni and Medardoni, Simone and Bertozzi, Davide and Camacho, J and Silla, Federico and Duato, Jose},
	booktitle = {2010 Fourth ACM/IEEE International Symposium on Networks-on-Chip},
	pages = {25--32},
	title = {Addressing manufacturing challenges with cost-efficient fault tolerant routing},
	year = {2010}}

@article{yan2010svfd,
	//publisher = {IEEE},
	author = {Yan, Guihai and Han, Yinhe and Li, Xiaowei},
	journal = {IEEE transactions on very large scale integration (VLSI) systems},
	number = {9},
	pages = {1627--1640},
	title = {{SVFD: A versatile online fault detection scheme via checking of stability violation}},
	volume = {19},
	year = {2010}}

@article{kohler2010fault,
	//publisher = {IEEE},
	author = {Kohler, Ad{\'a}n and Schley, Gert and Radetzki, Martin},
	journal = {IEEE Transactions on Computer-Aided Design of Integrated Circuits and Systems},
	number = {6},
	pages = {883--896},
	title = {{Fault tolerant network on chip switching with graceful performance degradation}},
	volume = {29},
	year = {2010}}

@inproceedings{TEATM_isca10,
	author = {Yan, Guihai and Liang, Xiaoyao and Han, Yinhe and Li, Xiaowei},
	booktitle = {Proceedings of the 37th Annual International Symposium on Computer Architecture},
	pages = {485--496},
	title = {Leveraging the Core-Level Complementary Effects of PVT Variations to Reduce Timing Emergencies in Multi-Core Processors},
	year = {2010}}

@inproceedings{IntervalSimulation,
	//month = feb,
	author = {Davy Genbrugge and Stijn Eyerman and Lieven Eeckhout},
	booktitle = {IEEE International Symposium on High-Performance Computer Architecture (HPCA)},
	pages = {307--318},
	title = {Interval Simulation: Raising the Level of Abstraction in Architectural Simulation},
	year = {2010}}

@inproceedings{alizadeh2010debugging,
	//publisher = {IEEE},
	author = {Alizadeh, Bijan and Fujita, Masahiro},
	booktitle = {2010 International Conference on Field-Programmable Technology},
	pages = {328--331},
	title = {{A debugging method for repairing post-silicon bugs of high performance processors in the fields}},
	year = {2010}}

@article{fu2011new,
	//publisher = {The Institute of Electronics, Information and Communication Engineers},
	author = {Fu, Binzhang and Han, Yinhe and Li, Huawei and Li, Xiaowei},
	journal = {IEICE TRANSACTIONS on Information and Systems},
	number = {4},
	pages = {809--821},
	title = {A new multiple-round dimension-order routing for networks-on-chip},
	volume = {94},
	year = {2011}}

@inproceedings{chang2011constraint,
	//publisher = {IEEE},
	author = {Chang, Chia-Wei and Chou, Hong-Zu and Chang, Kai-Hui and Jiang, Jie-Hong Roland and Liu, Chien-Nan Jimmy and Hsiao, Chiu-Han and Kuo, Sy-Yen},
	booktitle = {2011 12th International Symposium on Quality Electronic Design},
	pages = {1--8},
	title = {{Constraint generation for software-based post-silicon bug masking with scalable resynthesis technique for constraint optimization}},
	year = {2011}}

@book{biglittle,
	author = {Peter Greenhalgh},
	month = {September},
	pages = {1-8},
	publisher = {ARM},
	title = {big.LITTLE Processing with ARM Cortex-A15 \& Cortex-A7 (White paper)},
	year = {2011}}

@inproceedings{gizopoulos2011architectures,
	//publisher = {IEEE},
	author = {Gizopoulos, Dimitris and Psarakis, Mihalis and Adve, Sarita V and Ramachandran, Pradeep and Hari, Siva Kumar Sastry and Sorin, Daniel and Meixner, Albert and Biswas, Arijit and Vera, Xavier},
	booktitle = {2011 Design, Automation \& Test in Europe},
	pages = {1--6},
	title = {{Architectures for online error detection and recovery in multicore processors}},
	year = {2011}}

@inproceedings{sniper,
	//month = {Nov},
	author = {Carlson, T.E. and Heirman, W. and Eeckhout, L.},
	booktitle = {International Conference for High Performance Computing, Networking, Storage and Analysis (SC),},
	pages = {1-12},
	title = {Sniper: Exploring the level of abstraction for scalable and accurate parallel multi-core simulation},
	year = {2011}}

@article{xiang2011efficient,
	author = {Xiang, Dong and Luo, Wei},
	journal = {IEEE Transactions on Parallel and Distributed Systems},
	number = {5},
	pages = {800--808},
	title = {An efficient adaptive deadlock-free routing algorithm for torus networks},
	volume = {23},
	year = {2011}}

@article{tsai2012scalable,
	//publisher = {Elsevier},
	author = {Tsai, Wen-Chung and Chu, Kuo-Chih and Hu, Yu-Hen and Chen, Sao-Jie},
	journal = {Journal of Parallel and Distributed Computing},
	number = {11},
	pages = {1433--1441},
	title = {A scalable and fault-tolerant network routing scheme for many-core and multi-chip systems},
	volume = {72},
	year = {2012}}

@article{feng2012addressing,
	author = {Feng, Chaochao and Lu, Zhonghai and Jantsch, Axel and Zhang, Minxuan and Xing, Zuocheng},
	journal = {IEEE Transactions on Very Large Scale Integration (VLSI) Systems},
	number = {6},
	pages = {1053--1066},
	title = {Addressing transient and permanent faults in NoC with efficient fault-tolerant deflection router},
	volume = {21},
	year = {2012}}

@article{aitken2012yield,
	//publisher = {IEEE},
	author = {Aitken, Rob},
	journal = {IEEE Design \& Test of Computers},
	number = {1},
	pages = {59--62},
	title = {{Yield Learning Perspectives}},
	volume = {29},
	year = {2012}}

@inproceedings{perfcomp,
	author = {Tianshi Chen and Yunji Chen and Qi Guo and Temam, O. and Yue Wu and Weiwu Hu},
	booktitle = {IEEE 18th International Symposium on High Performance Computer Architecture (HPCA),},
	pages = {1-12},
	title = {Statistical performance comparisons of computers},
	year = {2012}}

@article{han2013revivepath,
	//publisher = {Springer},
	author = {Han, Yin-He and Liu, Cheng and Lu, Hang and Li, Wen-Bo and Zhang, Lei and Li, Xiao-Wei},
	journal = {Journal of Computer Science and Technology},
	number = {6},
	pages = {1045--1053},
	title = {{RevivePath: Resilient network-on-chip design through data path salvaging of router}},
	volume = {28},
	year = {2013}}

@inproceedings{flicker,
	//publisher = {ACM},
	author = {Petrica, Paula and Izraelevitz, Adam M. and Albonesi, David H. and Shoemaker, Christine A.},
	booktitle = {Proceedings of the 40th Annual International Symposium on Computer Architecture},
	pages = {13-23},
	title = {Flicker: a dynamically adaptive architecture for power limited multicore systems},
	year = {2013}}

@article{yan2015corerank,
	//publisher = {IEEE},
	author = {Yan, Guihai and Sun, Faqiang and Li, Huawei and Li, Xiaowei},
	journal = {IEEE Transactions on Computers},
	number = {3},
	pages = {716--729},
	title = {{CoreRank: redeeming yan2015corerank``Sick Silicon'' by dynamically quantifying core-level healthy condition}},
	volume = {65},
	year = {2015}}

@inproceedings{Graphite,
	//month = {Jan},
	author = {Miller, J.E. and Kasture, H. and Kurian, G. and Gruenwald, C. and Beckmann, N. and Celio, C. and Eastep, J. and Agarwal, A.},
	booktitle = {IEEE 16th International Symposium on High Performance Computer Architecture (HPCA)},
	pages = {1-12},
	title = {Graphite: A distributed parallel simulator for multicores},
	year = {2010}}

@article{liu2021hyca,
	//publisher = {IEEE},
	author = {Liu, Cheng and Chu, Cheng and Xu, Dawen and Wang, Ying and Wang, Qianlong and Li, Huawei and Li, Xiaowei and Cheng, Kwang-Ting},
	journal = {IEEE Transactions on Computer-Aided Design of Integrated Circuits and Systems},
	pages = {1-1},
	title = {HyCA: A Hybrid Computing Architecture for Fault Tolerant Deep Learning},
	year = {2021}}

@inproceedings{arm-timing-error,
	author = {Bull, David and Das, Shidhartha and Shivshankar, Karthik and Dasika, Ganesh and Flautner, Krisztian and Blaauw, David},
	booktitle = {2010 IEEE International Solid-State Circuits Conference - (ISSCC)},
	pages = {284-285},
	title = {A power-efficient 32b ARM ISA processor using timing-error detection and correction for transient-error tolerance and adaptation to PVT variation},
	year = {2010}}

@inproceedings{PIE,
	author = {Craeynest, Kenzo Van and Jaleel, Aamer and Eeckhout, Lieven and Narvaez, Paolo and Emer, Joel},
	booktitle = {Proceedings of the 39th Annual International Symposium on Computer Architecture},
	pages = {213--224},
	title = {Scheduling Heterogeneous Multi-Cores through Performance Impact Estimation (PIE)},
	year = {2012}}

@article{ReviveNet,
	author = {Guihai Yan and Yinhe Han and Xaiowei Li},
	journal = {IEEE Transctions on Computers},
	number = {9},
	pages = {1219-1232},
	title = {ReviveNet: A Self-adaptive Architecture for Improving Lifetime Reliability via Localized Timing Adaptation},
	volume = {60},
	year = {2011}}

@inproceedings{TDS,
	author = {Rangan, K. K. and Powell, M. D. and Gu-Yeon, Wei and Brooks, D.},
	booktitle = {2011 IEEE 17th International Symposium on High Performance Computer Architecture (HPCA)},
	pages = {3-14},
	title = {Achieving uniform performance and maximizing throughput in the presence of heterogeneity},
	year = {2011}}

@inproceedings{PackCap,
	author = {Cochran, Ryan and Hankendi, Can and Coskun, Ayse K. and Reda, Sherief},
	booktitle = {2011 44th Annual IEEE/ACM International Symposium on Microarchitecture (MICRO)},
	pages = {175-185},
	title = {Pack amp; Cap: Adaptive DVFS and thread packing under power caps},
	year = {2011}}

@inproceedings{AgileRegulator,
	author = {Yan, Guihai and Li, Yingmin and Han, Yinhe and Li, Xiaowei and Guo, Minyi and Liang, Xiaoyao},
	booktitle = {2012 IEEE 18th International Symposium on High Performance Computer Architecture (HPCA)},
	pages = {287-298},
	title = {AgileRegulator: A hybrid voltage regulator scheme redeeming dark silicon for power efficiency in a multicore architecture},
	year = {2012}}

@inproceedings{gracia2008analysis,
	//publisher = {IEEE},
	author = {Gracia, Joaquin and Saiz, Luis J and Baraza, Juan Carlos and Gil, Daniel and Gil, Pedro J},
	booktitle = {2008 11th IEEE Workshop on Design and Diagnostics of Electronic Circuits and Systems},
	pages = {1--6},
	title = {Analysis of the influence of intermittent faults in a microcontroller},
	year = {2008}}

@article{gil2003study,
	//publisher = {Elsevier},
	author = {Gil, Daniel and Gracia, Joaquin and Baraza, Juan Carlos and Gil, Pedro J},
	journal = {Microelectronics Journal},
	number = {1},
	pages = {41--51},
	title = {Study, comparison and application of different VHDL-based fault injection techniques for the experimental validation of a fault-tolerant system},
	volume = {34},
	year = {2003}}

@inproceedings{srinivasan2005exploiting,
	//publisher = {IEEE},
	author = {Srinivasan, Jayanth and Adve, Sarita V and Bose, Pradip and Rivers, Jude A},
	booktitle = {32nd International Symposium on Computer Architecture (ISCA'05)},
	pages = {520--531},
	title = {Exploiting structural duplication for lifetime reliability enhancement},
	year = {2005}}

@inproceedings{mukherjee2003systematic,
	//publisher = {IEEE},
	author = {Mukherjee, Shubhendu S and Weaver, Christopher and Emer, Joel and Reinhardt, Steven K and Austin, Todd},
	booktitle = {Proceedings. 36th Annual IEEE/ACM International Symposium on Microarchitecture, MICRO-36.},
	pages = {29--40},
	title = {A systematic methodology to compute the architectural vulnerability factors for a high-performance microprocessor},
	year = {2003}}

@article{constantinescu2003trends,
	//publisher = {IEEE},
	author = {Constantinescu, Cristian},
	journal = {IEEE micro},
	number = {4},
	pages = {14--19},
	title = {Trends and challenges in VLSI circuit reliability},
	volume = {23},
	year = {2003}}

@article{karnik2004characterization,
	//publisher = {IEEE},
	author = {Karnik, Tanay and Hazucha, Peter},
	journal = {IEEE Transactions on Dependable and secure Computing},
	number = {2},
	pages = {128--143},
	title = {Characterization of soft errors caused by single event upsets in CMOS processes},
	volume = {1},
	year = {2004}}

@inproceedings{constantinescu2002impact,
	//publisher = {IEEE},
	author = {Constantinescu, Cristian},
	booktitle = {Proceedings International Conference on Dependable Systems and Networks},
	pages = {205--209},
	title = {Impact of deep submicron technology on dependability of VLSI circuits},
	year = {2002}}

@article{wells2008adapting,
	//publisher = {ACM New York, NY, USA},
	author = {Wells, Philip M and Chakraborty, Koushik and Sohi, Gurindar S},
	journal = {ACM SIGOPS Operating Systems Review},
	number = {2},
	pages = {255--264},
	title = {Adapting to intermittent faults in multicore systems},
	volume = {42},
	year = {2008}}

@inproceedings{constantinescu2008intermittent,
	//publisher = {IEEE},
	author = {Constantinescu, Cristian},
	booktitle = {2008 Annual Reliability and Maintainability Symposium},
	pages = {370--374},
	title = {Intermittent faults and effects on reliability of integrated circuits},
	year = {2008}}

@article{Slegel1999IBM,
	author = {Slegel, T.J. and Averill, R.M. and Check, M.A. and Giamei, B.C. and Krumm, B.W. and Krygowski, C.A. and Li, W.H. and Liptay, J.S. and MacDougall, J.D. and McPherson, T.J. and Navarro, J.A. and Schwarz, E.M. and Shum, K. and Webb, C.F.},
	journal = {IEEE Micro},
	number = {2},
	pages = {12-23},
	title = {IBM's S/390 G5 microprocessor design},
	volume = {19},
	year = {1999}}

@book{wood1999data,
	author = {Wood, Alan},
	pages = {1-18},
	publisher = {Compaq NonStop{\textregistered}},
	title = {Data integrity concepts, features, and technology (White paper)},
	year = {1999}}

@inproceedings{mukherjee2002detailed,
	//publisher = {IEEE},
	author = {Mukherjee, Shubhendu S and Kontz, Michael and Reinhardt, Steven K},
	booktitle = {Proceedings 29th annual international symposium on computer architecture},
	pages = {99--110},
	title = {Detailed design and evaluation of redundant multi-threading alternatives},
	year = {2002}}

@inproceedings{reinhardt2000transient,
	//publisher = {IEEE},
	author = {Reinhardt, Steven K and Mukherjee, Shubhendu S},
	booktitle = {Proceedings of 27th International Symposium on Computer Architecture (IEEE Cat. No. RS00201)},
	pages = {25--36},
	title = {Transient fault detection via simultaneous multithreading},
	year = {2000}}

@article{li2008understanding,
	//publisher = {ACM New York, NY, USA},
	author = {Li, Man-Lap and Ramachandran, Pradeep and Sahoo, Swarup Kumar and Adve, Sarita V and Adve, Vikram S and Zhou, Yuanyuan},
	journal = {ACM Sigplan Notices},
	number = {3},
	pages = {265--276},
	title = {Understanding the propagation of hard errors to software and implications for resilient system design},
	volume = {43},
	year = {2008}}

@inproceedings{sridharan2009eliminating,
	//publisher = {IEEE},
	author = {Sridharan, Vilas and Kaeli, David R},
	booktitle = {2009 IEEE 15th International Symposium on High Performance Computer Architecture},
	pages = {117--128},
	title = {Eliminating microarchitectural dependency from architectural vulnerability},
	year = {2009}}

@article{sridharan2010using,
	//publisher = {ACM New York, NY, USA},
	author = {Sridharan, Vilas and Kaeli, David R},
	journal = {ACM SIGARCH Computer Architecture News},
	number = {3},
	pages = {461--472},
	title = {Using hardware vulnerability factors to enhance AVF analysis},
	volume = {38},
	year = {2010}}

@inproceedings{biswas2005computing,
	//publisher = {IEEE},
	author = {Biswas, Arijit and Racunas, Paul and Cheveresan, Razvan and Emer, Joel and Mukherjee, Shubhendu S and Rangan, Ram},
	booktitle = {32nd International Symposium on Computer Architecture (ISCA'05)},
	pages = {532--543},
	title = {Computing architectural vulnerability factors for address-based structures},
	year = {2005}}

@inproceedings{wang2004characterizing,
	//publisher = {IEEE Computer Society},
	author = {Wang, Nicholas J and Quek, Justin and Rafacz, Todd M and others},
	booktitle = {International Conference on Dependable Systems and Networks, 2004},
	pages = {61--61},
	title = {Characterizing the effects of transient faults on a high-performance processor pipeline},
	year = {2004}}

@article{touloupis2007study,
	//publisher = {IEEE},
	author = {Touloupis, Emmanuel and Flint, James A and Chouliaras, Vassilios A and Ward, David D},
	journal = {IEEE Transactions on Computers},
	number = {12},
	pages = {1585--1596},
	title = {Study of the effects of SEU-induced faults on a pipeline protected microprocessor},
	volume = {56},
	year = {2007}}

@inproceedings{walcott2007dynamic,
	author = {Walcott, Kristen R and Humphreys, Greg and Gurumurthi, Sudhanva},
	booktitle = {Proceedings of the 34th Annual International Symposium on Computer Architecture},
	pages = {516--527},
	title = {Dynamic prediction of architectural vulnerability from microarchitectural state},
	year = {2007}}

@inproceedings{duan2009versatile,
	//publisher = {IEEE},
	author = {Duan, Lide and Li, Bin and Peng, Lu},
	booktitle = {2009 IEEE 15th International Symposium on High Performance Computer Architecture},
	pages = {129--140},
	title = {Versatile prediction and fast estimation of architectural vulnerability factor from processor performance metrics},
	year = {2009}}

@inproceedings{pan2009online,
	//publisher = {IEEE},
	author = {Pan, Songjun and Hu, Yu and Li, Xiaowei},
	booktitle = {2009 15th IEEE Pacific Rim International Symposium on Dependable Computing},
	pages = {345--350},
	title = {Online computing and predicting architectural vulnerability factor of microprocessor structures},
	year = {2009}}

@inproceedings{pellegrini2008crashtest,
	//publisher = {IEEE},
	author = {Pellegrini, Andrea and Constantinides, Kypros and Zhang, Dan and Sudhakar, Shobana and Bertacco, Valeria and Austin, Todd},
	booktitle = {2008 IEEE International Conference on Computer Design},
	pages = {363--370},
	title = {CrashTest: A fast high-fidelity FPGA-based resiliency analysis framework},
	year = {2008}}

@book{shen2013modern,
	author = {Shen, John Paul and Lipasti, Mikko H},
	pages = {1-656},
	publisher = {Waveland Press},
	title = {Modern processor design: fundamentals of superscalar processors},
	year = {2013}}

@inproceedings{joseph2003control,
	//publisher = {IEEE},
	author = {Joseph, Russ and Brooks, David and Martonosi, Margaret},
	booktitle = {The Ninth International Symposium on High-Performance Computer Architecture, 2003. HPCA-9 2003. Proceedings.},
	pages = {79--90},
	title = {Control techniques to eliminate voltage emergencies in high performance processors},
	year = {2003}}

@article{stathis2001physical,
	//publisher = {IEEE},
	author = {Stathis, James H},
	journal = {IEEE Transactions on device and materials reliability},
	number = {1},
	pages = {43--59},
	title = {Physical and predictive models of ultrathin oxide reliability in CMOS devices and circuits},
	volume = {1},
	year = {2001}}

@inproceedings{fahs2001performance,
	//publisher = {IEEE},
	author = {Fahs, Brian and Bose, Satarupa and Crum, Matthew and Slechta, Brian and Spadini, Francesco and Tung, Tony and Patel, Sanjay J and Lumetta, Steven S},
	booktitle = {Proceedings. 34th ACM/IEEE International Symposium on Microarchitecture. MICRO-34},
	pages = {16--27},
	title = {Performance characterization of a hardware mechanism for dynamic optimization},
	year = {2001}}

@techreport{desikan2001sim,
	author = {Desikan, Rajagopalan and Burger, Doug and Keckler, Stepen W and Austin, Todd},
	institution = {Technical Report TR-01-23, Department of Computer Sciences, University of Texas at Austin},
	title = {Sim-alpha: a validated execution driven alpha 21264 simulator},
	year = {2001}}

@article{kessler1999alpha,
	//publisher = {IEEE},
	author = {Kessler, Richard E},
	journal = {IEEE micro},
	number = {2},
	pages = {24--36},
	title = {The alpha 21264 microprocessor},
	volume = {19},
	year = {1999}}

@article{sherwood2002automatically,
	//publisher = {ACM New York, NY, USA},
	author = {Sherwood, Timothy and Perelman, Erez and Hamerly, Greg and Calder, Brad},
	journal = {ACM SIGPLAN Notices},
	number = {10},
	pages = {45--57},
	title = {Automatically characterizing large scale program behavior},
	volume = {37},
	year = {2002}}

@inproceedings{pan2011cost,
	//publisher = {IEEE},
	author = {Pan, Songjun and Hu, Yu and Hu, Xing and Li, Xiaowei},
	booktitle = {2011 Design, Automation \& Test in Europe},
	pages = {1--6},
	title = {A cost-effective substantial-impact-filter based method to tolerate voltage emergencies},
	year = {2011}}

@article{geer2005chip,
	//publisher = {IEEE},
	author = {Geer, David},
	journal = {Computer},
	number = {5},
	pages = {11--13},
	title = {Chip makers turn to multicore processors},
	volume = {38},
	year = {2005}}

@book{computingfew,
	author = {Intel Labs},
	publisher = {Intel},
	title = {From a Few Cores to Many : A Tera-scale Computing Research Overview (white paper)},
	year = {2006}}

@inproceedings{dally2001route,
	author = {Dally, William J and Towles, Brian},
	booktitle = {Proceedings of the 38th annual design automation conference},
	pages = {684--689},
	title = {Route packets, not wires: on-chip inteconnection networks},
	year = {2001}}

@article{koren1998defect,
	//publisher = {IEEE},
	author = {Koren, Israel and Koren, Zahava},
	journal = {Proceedings of the IEEE},
	number = {9},
	pages = {1819--1838},
	title = {Defect tolerance in VLSI circuits: techniques and yield analysis},
	volume = {86},
	year = {1998}}

@inproceedings{koren2000should,
	//publisher = {IEEE},
	author = {Koren, Israel},
	booktitle = {Proceedings IEEE 2000 First International Symposium on Quality Electronic Design (Cat. No. PR00525)},
	pages = {115--120},
	title = {Should yield be a design objective?},
	year = {2000}}

@article{koren1986yield,
	//publisher = {IEEE},
	author = {Koren, Israel and Pradhan, Dhiraj K},
	journal = {Proceedings of the IEEE},
	number = {5},
	pages = {699--711},
	title = {Yield and performance enhancement through redundancy in VLSI and WSI multiprocessor systems},
	volume = {74},
	year = {1986}}

@inproceedings{shivakumar2003exploiting,
	//publisher = {IEEE},
	author = {Shivakumar, Premkishore and Keckler, Stephen W and Moore, Charles R and Burger, Doug},
	booktitle = {Proceedings 21st international conference on computer design},
	pages = {481--488},
	title = {Exploiting microarchitectural redundancy for defect tolerance},
	year = {2003}}

@inproceedings{schuchman2005rescue,
	//publisher = {IEEE},
	author = {Schuchman, Ethan and Vijaykumar, TN},
	booktitle = {32nd International Symposium on Computer Architecture (ISCA'05)},
	pages = {160--171},
	title = {Rescue: A microarchitecture for testability and defect tolerance},
	year = {2005}}

@inproceedings{parulkar2002scalable,
	//publisher = {IEEE},
	author = {Parulkar, Ishwar and Ziaja, Thomas and Pendurkar, Rajesh and D'Souza, Anand and Majumdar, Amitava},
	booktitle = {Proceedings. International Test Conference},
	pages = {726--735},
	title = {A scalable, low cost design-for-test architecture for UltraSPARC/spl trade/chip multi-processors},
	year = {2002}}

@inproceedings{tan2006testing,
	//publisher = {IEEE},
	author = {Tan, PJ and Le, Tung and Ng, Keng-Hian and Mantri, Prasad and Westfall, James},
	booktitle = {2006 IEEE International Test Conference},
	pages = {1--10},
	title = {Testing of UltraSPARC T1 microprocessor and its challenges},
	year = {2006}}

@inproceedings{gupta1991impact,
	author = {Gupta, Anoop and Tucker, Andrew and Urushibara, Shigeru},
	booktitle = {Proceedings of the 1991 ACM SIGMETRICS conference on Measurement and modeling of computer systems},
	pages = {120--132},
	title = {The impact of operating system scheduling policies and synchronization methods of performance of parallel applications},
	year = {1991}}

@article{scott1996cray,
	//publisher = {Stanford University},
	author = {Scott, S. and Thorson, G.},
	journal = {HOT Interconnects IV},
	month = {August},
	pages = {1-10},
	title = {The Cray T3E network: adaptive routing in a high performance 3D torus},
	year = {1996}}

@article{kuo1987efficient,
	//publisher = {IEEE},
	author = {Kuo, Sy-Yen and Fuchs, W Kent},
	journal = {IEEE Design \& Test of Computers},
	number = {1},
	pages = {24--31},
	title = {Efficient spare allocation for reconfigurable arrays},
	volume = {4},
	year = {1987}}

@inproceedings{bhavsar1999algorithm,
	//publisher = {IEEE},
	author = {Bhavsar, Dilip K},
	booktitle = {International Test Conference 1999. Proceedings (IEEE Cat. No. 99CH37034)},
	pages = {311--318},
	title = {An algorithm for row-column self-repair of RAMs and its implementation in the Alpha 21264},
	year = {1999}}

@inproceedings{kawagoe2000built,
	//publisher = {IEEE},
	author = {Kawagoe, Tomoya and Ohtani, Jun and Niiro, Mitsutaka and Ooishi, Tukasa and Hamada, Mitsuhiro and Hidaka, Hideto},
	booktitle = {Proceedings International Test Conference 2000 (IEEE Cat. No. 00CH37159)},
	pages = {567--574},
	title = {A built-in self-repair analyzer (CRESTA) for embedded DRAMs},
	year = {2000}}

@inproceedings{du2004speed,
	//publisher = {IEEE},
	author = {Du, Xiaogang and Reddy, Sudhakar M and Cheng, Wu-Tung and Rayhawk, Joseph and Mukherjee, Nilanjan},
	booktitle = {17th International Conference on VLSI Design. Proceedings.},
	pages = {895--900},
	title = {At-speed built-in self-repair analyzer for embedded word-oriented memories},
	year = {2004}}

@article{huang2003built,
	//publisher = {IEEE},
	author = {Huang, Chih-Tsun and Wu, Chi-Feng and Li, Jin-Fu and Wu, Cheng-Wen},
	journal = {IEEE transactions on Reliability},
	number = {4},
	pages = {386--399},
	title = {Built-in redundancy analysis for memory yield improvement},
	volume = {52},
	year = {2003}}

@article{jain1991fault,
	//publisher = {IEEE},
	author = {Jain, Ajai and Mandava, Babu and Rajski, Janusz and Rumin, Nicolas C},
	journal = {IEEE journal of solid-state circuits},
	number = {5},
	pages = {778--788},
	title = {A fault-tolerant array processor designed for testability and self-reconfiguration},
	volume = {26},
	year = {1991}}

@article{kung1989fault,
	//publisher = {IEEE},
	author = {Kung, S-Y and Jean, S-N and Chang, C-W},
	journal = {IEEE Transactions on Computers},
	number = {4},
	pages = {501--514},
	title = {Fault-tolerant array processors using single-track switches},
	volume = {38},
	year = {1989}}

@article{kim1993rule,
	//publisher = {IEEE},
	author = {Kim, Jung Hwan and Rhee, Phill K.},
	journal = {IEEE transactions on computers},
	number = {11},
	pages = {1403--1408},
	title = {The rule-based approach to reconfiguration of 2-D processor arrays},
	volume = {42},
	year = {1993}}

@article{varvarigou1993reconfiguring,
	//publisher = {IEEE},
	author = {Varvarigou, Theodora A. and Roychowdhury, Vwani P. and Kailath, Thomas},
	journal = {IEEE transactions on computers},
	number = {11},
	pages = {1281--1293},
	title = {Reconfiguring processor arrays using multiple-track models: The 3-track-1-spare-approach},
	volume = {42},
	year = {1993}}

@article{chen1997comprehensive,
	//publisher = {IEEE},
	author = {Chen, Yung-Yuan and Upadhyaya, Shambhu J. and Cheng, Ching-Hwa},
	journal = {IEEE transactions on computers},
	number = {12},
	pages = {1363--1371},
	title = {A comprehensive reconfiguration scheme for fault-tolerant VLSI/WSI array processors},
	volume = {46},
	year = {1997}}

@article{jigang2003improved,
	//publisher = {Elsevier},
	author = {Jigang, Wu and Srikanthan, Thambipillai},
	journal = {Journal of Systems Architecture},
	number = {1-2},
	pages = {23--31},
	title = {An improved reconfiguration algorithm for degradable VLSI/WSI arrays},
	volume = {49},
	year = {2003}}

@inproceedings{fukushi2005genetic,
	//publisher = {IEEE},
	author = {Fukushi, Masaru and Fukushima, Yusuke and Horiguchi, Susumu},
	booktitle = {20th IEEE International Symposium on Defect and Fault Tolerance in VLSI Systems (DFT'05)},
	pages = {63--71},
	title = {A genetic approach for the reconfiguration of degradable processor arrays},
	year = {2005}}

@article{doval2003overlay,
	//publisher = {IEEE},
	author = {Doval, Diego and O'Mahony, Donal},
	journal = {IEEE Internet computing},
	number = {4},
	pages = {79--82},
	title = {Overlay networks: A scalable alternative for P2P},
	volume = {7},
	year = {2003}}

@inproceedings{cong1993lower,
	//publisher = {IEEE},
	author = {Cong, Bin and Cong, Lin and Zheng, SQ},
	booktitle = {Proceedings of 36th Midwest Symposium on Circuits and Systems},
	pages = {558--561},
	title = {Lower bounds of network embedding dilations},
	year = {1993}}

@inproceedings{liu2005topological,
	//publisher = {IEEE},
	author = {Liu, Fangai and Xu, Liancheng},
	booktitle = {Sixth International Conference on Parallel and Distributed Computing Applications and Technologies (PDCAT'05)},
	pages = {21--25},
	title = {The topological properties and network embedding of RP (k)},
	year = {2005}}

@article{lusk2009mpi,
	author = {Message Passing Interface Forum},
	journal = {International Journal of Supercomputer Applications},
	pages = {1-586},
	title = {MPI: A Message-passing Interface Standard, Version 2.2},
	volume = {8},
	year = {2008}}

@inproceedings{moh2001mapping,
	//publisher = {IEEE},
	author = {Moh, Sangman and Yu, Chansu and Youn, Hee Yong and Lee, Ben and Han, Dongsoo},
	booktitle = {Proceedings. Eighth International Conference on Parallel and Distributed Systems. ICPADS 2001},
	pages = {733--740},
	title = {Mapping strategies for switch-based cluster systems of irregular topology},
	year = {2001}}

@inproceedings{bauch1996reconfiguration,
	//publisher = {IEEE},
	author = {Bauch, N and Maehle, Erik},
	booktitle = {Proceedings of IEEE Workshop on Fault-Tolerant Parallel and Distributed Systems},
	pages = {169--180},
	title = {Reconfiguration in octagonal mesh-based multicomputer systems with distributed checkpointing},
	year = {1996}}

@inproceedings{kim1999approach,
	//publisher = {IEEE},
	author = {Kim, Sook-Yeon and Hur, Jeen},
	booktitle = {Proceedings of the 1999 ICPP Workshops on Collaboration and Mobile Computing (CMC'99). Group Communications (IWGC). Internet'99 (IWI'99). Industrial Applications on Network Computing (INDAP). Multime},
	pages = {301--306},
	title = {An approach for torus embedding},
	year = {1999}}

@article{sahni1976p,
	//publisher = {ACM New York, NY, USA},
	author = {Sahni, Sartaj and Gonzalez, Teofilo},
	journal = {Journal of the ACM (JACM)},
	number = {3},
	pages = {555--565},
	title = {P-complete approximation problems},
	volume = {23},
	year = {1976}}

@article{hartmanis1982computers,
	//publisher = {Society for Industrial and Applied Mathematics},
	author = {Hartmanis, Juris},
	journal = {Siam Review},
	number = {1},
	pages = {90},
	title = {Computers and intractability: a guide to the theory of np-completeness (michael r. garey and david s. johnson)},
	volume = {24},
	year = {1982}}

@article{steinberg1961backboard,
	//publisher = {SIAM},
	author = {Steinberg, Leon},
	journal = {Siam Review},
	number = {1},
	pages = {37--50},
	title = {The backboard wiring problem: A placement algorithm},
	volume = {3},
	year = {1961}}

@article{misevivcius2003modified,
	//publisher = {Institute Of Mathematics And Informatics},
	author = {Misevi{\v{c}}ius, Alfonsas},
	journal = {Informatica},
	number = {4},
	pages = {497--514},
	title = {A modified simulated annealing algorithm for the quadratic assignment problem},
	volume = {14},
	year = {2003}}

@article{burkard1984thermodynamically,
	//publisher = {Elsevier},
	author = {Burkard, Rainer E and Rendl, Franz},
	journal = {European Journal of Operational Research},
	number = {2},
	pages = {169--174},
	title = {A thermodynamically motivated simulation procedure for combinatorial optimization problems},
	volume = {17},
	year = {1984}}

@article{connolly1990improved,
	//publisher = {Elsevier},
	author = {Connolly, David T},
	journal = {European Journal of Operational Research},
	number = {1},
	pages = {93--100},
	title = {An improved annealing scheme for the QAP},
	volume = {46},
	year = {1990}}

@article{bolte1996optimizing,
	//publisher = {Elsevier},
	author = {B{\"o}lte, Andreas and Thonemann, Ulrich Wilhelm},
	journal = {European Journal of Operational Research},
	number = {2},
	pages = {402--416},
	title = {Optimizing simulated annealing schedules with genetic programming},
	volume = {92},
	year = {1996}}

@inproceedings{de2008networks,
	//publisher = {Springer},
	author = {De Micheli, Giovanni},
	booktitle = {Design, Automation, and Test in Europe},
	pages = {105--110},
	title = {Networks on chips},
	year = {2008}}

@book{patterson2016computer,
	author = {Patterson, David A and Hennessy, John L},
	month = {March},
	pages = {1-720},
	publisher = {Morgan kaufmann},
	title = {Computer publisher and design ARM edition: the hardware software interface},
	year = {2016}}

@book{stallings2012operating,
	author = {Stallings, William},
	pages = {1-800},
	publisher = {Pearson},
	title = {Operating systems: internals and design principles, 7th Edition},
	year = {2012}}

@article{benini2002networks,
	//publisher = {IEEE},
	author = {Benini, Luca and De Micheli, Giovanni},
	journal = {computer},
	number = {1},
	pages = {70--78},
	title = {Networks on chips: A new SoC paradigm},
	volume = {35},
	year = {2002}}

@inproceedings{fink2019deep,
	//publisher = {Springer},
	author = {Fink, Maximilian and Liu, Ying and Engstle, Armin and Schneider, Stefan-Alexander},
	booktitle = {Fahrerassistenzsysteme 2018},
	pages = {233--242},
	title = {{{Deep Learning-Based Multi-scale Multi-object Detection and Classification for Autonomous Driving}}},
	year = {2019}}

@inproceedings{jha2019ml,
	//publisher = {IEEE},
	author = {Jha, Saurabh and Banerjee, Subho and Tsai, Timothy and Hari, Siva KS and Sullivan, Michael B and Kalbarczyk, Zbigniew T and Keckler, Stephen W and Iyer, Ravishankar K},
	booktitle = {2019 49th Annual IEEE/IFIP International Conference on Dependable Systems and Networks (DSN)},
	pages = {112--124},
	title = {{ML-Based Fault Injection for Autonomous Vehicles: A Case for Bayesian Fault Injection}},
	year = {2019}}

@inproceedings{error2018date,
	author = {M. A. {Hanif} and R. {Hafiz} and M. {Shafique}},
	booktitle = {2018 Design, Automation Test in Europe Conference Exhibition (DATE)},
	pages = {913-916},
	title = {{Error Resilience Analysis for Systematically Employing Approximate Computing in Convolutional Neural Networks}},
	year = {2018}}

@inproceedings{impact2011dixit,
	author = {A. {Dixit} and A. {Wood}},
	booktitle = {2011 International Reliability Physics Symposium},
	pages = {5B.4.1-5B.4.7},
	title = {{The Impact of New Technology on Soft Error Rates}},
	year = {2011}}

@inproceedings{jenihhin2019challenges,
	//publisher = {IEEE},
	author = {Jenihhin, Maksim and Reorda, Matteo Sonza and Balakrishnan, Aneesh and Alexandrescu, Dan},
	booktitle = {2019 IEEE International Symposium on Defect and Fault Tolerance in VLSI and Nanotechnology Systems (DFT)},
	pages = {1--6},
	title = {{Challenges of Reliability Assessment and Enhancement in Autonomous Systems}},
	year = {2019}}

@inproceedings{banerjee2019towards,
	//publisher = {IEEE},
	author = {Banerjee, Subho S and Cyriac, James and Jha, Saurabh and Kalbarczyk, Zbigniew T and Iyer, Ravishankar K},
	booktitle = {2019 49th Annual IEEE/IFIP International Conference on Dependable Systems and Networks--Supplemental Volume (DSN-S)},
	pages = {25--26},
	title = {{Towards a Bayesian Approach for Assessing Fault Tolerance of Deep Neural Networks}},
	year = {2019}}

@inproceedings{Energy2003Aneesh,
	author = {{Aneesh Aggarwal} and M. {Franklin}},
	booktitle = {Proceedings 21st International Conference on Computer Design},
	pages = {2-7},
	title = {{Energy Efficient Asymmetrically Ported Register Files}},
	year = {2003}}

@inproceedings{A208mv2012Hsu,
	author = {S. {Hsu} and A. {Agarwal} and M. {Anders} and S. {Mathew} and H. {Kaul} and F. {Sheikh} and R. {Krishnamurthy}},
	booktitle = {2012 IEEE International Solid-State Circuits Conference},
	pages = {178-180},
	title = {{A 280mV-to-1.1V 256b Reconfigurable SIMD Vector Permutation Engine with 2-dimensional Shuffle in 22nm CMOS}},
	year = {2012}}

@article{A2012Chang,
	author = {P. {Chang} and T. {Lin} and J. {Wang} and Y. {Yu}},
	journal = {IEEE Transactions on Circuits and Systems II: Express Briefs},
	number = {12},
	pages = {908-912},
	title = {{A 4R/2W Register File Design for UDVS Microprocessors in 65-nm CMOS}},
	volume = {59},
	year = {2012}}

@article{esteva2019guide,
	//publisher = {Nature Publishing Group},
	author = {Esteva, Andre and Robicquet, Alexandre and Ramsundar, Bharath and Kuleshov, Volodymyr and DePristo, Mark and Chou, Katherine and Cui, Claire and Corrado, Greg and Thrun, Sebastian and Dean, Jeff},
	journal = {Nature medicine},
	number = {1},
	pages = {24--29},
	title = {{A Guide to Deep Learning in Healthcare}},
	volume = {25},
	year = {2019}}

@article{energy2018kim,
	author = {S. {Kim} and P. {Howe} and T. {Moreau} and A. {Alaghi} and L. {Ceze} and V. S. {Sathe}},
	journal = {IEEE Transactions on Circuits and Systems I: Regular Papers},
	number = {12},
	pages = {4285-4298},
	title = {{Energy-Efficient Neural Network Acceleration in the Presence of Bit-Level Memory Errors}},
	volume = {65},
	year = {2018}}

@article{mittal2020survey,
	//publisher = {Elsevier},
	author = {Mittal, Sparsh},
	journal = {Journal of Systems Architecture},
	pages = {101689},
	title = {{A Survey on Modeling and Improving Reliability of DNN Algorithms and Accelerators}},
	volume = {104},
	year = {2020}}

@inproceedings{neggaz2018reliability,
	//publisher = {IEEE},
	author = {Neggaz, Mohamed A and Alouani, Ihsen and Lorenzo, Pablo R and Niar, Smail},
	booktitle = {2018 IEEE 36th International Conference on Computer Design (ICCD)},
	pages = {476--479},
	title = {{A Reliability Study on CNNs for Critical Embedded Systems}},
	year = {2018}}

@article{axtrain2018he,
	author = {X. {He} and W. {Lu} and G. {Yan} and X. {Zhang}},
	journal = {IEEE Journal on Emerging and Selected Topics in Circuits and Systems},
	number = {4},
	pages = {810-821},
	title = {{Joint Design of Training and Hardware Towards Efficient and Accuracy-Scalable Neural Network Inference}},
	volume = {8},
	year = {2018}}

@article{mahdiani2012relaxed,
	//publisher = {IEEE},
	author = {Mahdiani, Hamid Reza and Fakhraie, Sied Mehdi and Lucas, Caro},
	journal = {IEEE transactions on neural networks and learning systems},
	number = {8},
	pages = {1215--1228},
	title = {{Relaxed Fault-tolerant Hardware Implementation of Neural Networks in the Presence of Multiple Transient Errors}},
	volume = {23},
	year = {2012}}

@inproceedings{wang2016frequency,
	//publisher = {IEEE},
	author = {Wang, Ying and Li, Huawei and Li, Xiaowei},
	booktitle = {2016 Design, Automation \& Test in Europe Conference \& Exhibition (DATE)},
	pages = {1164--1167},
	title = {{Frequency Scheduling for Resilient Chip Multi-processors Operating at Near Threshold Voltage}},
	year = {2016}}

@inproceedings{deng2009imagenet,
	//publisher = {IEEE},
	author = {Deng, Jia and Dong, Wei and Socher, Richard and Li, Li-Jia and Li, Kai and Fei-Fei, Li},
	booktitle = {2009 IEEE conference on computer vision and pattern recognition},
	pages = {248--255},
	title = {{Imagenet: A Large-scale Hierarchical Image Database}},
	year = {2009}}

@misc{samajdar2018scale,
	author = {Samajdar, Ananda and Zhu, Yuhao and Whatmough, Paul and Mattina, Matthew and Krishna, Tushar},
	note = {url={https://arxiv.org/abs/1811.02883}},
	publisher = {arXiv},
	title = {SCALE-Sim: Systolic CNN Accelerator Simulator},
	year = {2018}}

@article{qian2016optimal,
	//publisher = {IEEE},
	author = {Qian, Junyan and Zhou, Zhide and Gu, Tianlong and Zhao, Lingzhong and Chang, Liang},
	journal = {IEEE Transactions on Parallel and Distributed Systems},
	number = {12},
	pages = {3575--3587},
	title = {{Optimal Reconfiguration of High-performance VLSI Subarrays with Network Flow}},
	volume = {27},
	year = {2016}}

@inproceedings{zhang2018analyzing,
	//publisher = {IEEE},
	author = {Zhang, Jeff Jun and Gu, Tianyu and Basu, Kanad and Garg, Siddharth},
	booktitle = {2018 IEEE 36th VLSI Test Symposium (VTS)},
	pages = {1--6},
	title = {{Analyzing and Mitigating the Impact of Permanent Faults on a Systolic Array Based Neural Network Accelerator}},
	year = {2018}}

@article{wang2017resilience,
	//publisher = {IEEE},
	author = {Wang, Ying and Deng, Jiachao and Fang, Yuntan and Li, Huawei and Li, Xiaowei},
	journal = {IEEE Transactions on Very Large Scale Integration (VLSI) Systems},
	number = {10},
	pages = {2736--2748},
	title = {{Resilience-aware Frequency Tuning for Neural-network-based Approximate Computing Chips}},
	volume = {25},
	year = {2017}}

@inproceedings{li2019squeezing,
	//publisher = {IEEE},
	author = {Li, Li and Xu, Dawen and Xing, Kouzi and Liu, Cheng and Wang, Ying and Li, Huawei and Li, Xiaowei},
	booktitle = {2019 IEEE International Test Conference in Asia (ITC-Asia)},
	pages = {151--156},
	title = {{Squeezing the Last {MHz} for CNN Acceleration on {FPGAs}}},
	year = {2019}}

@inproceedings{redmon2016you,
	author = {Redmon, Joseph and Divvala, Santosh and Girshick, Ross and Farhadi, Ali},
	booktitle = {Proceedings of the IEEE conference on computer vision and pattern recognition},
	pages = {779--788},
	title = {{You Only Look Once: Unified, Real-time Object Detection}},
	year = {2016}}

@inproceedings{reagen2016minerva,
	//publisher = {IEEE},
	author = {Reagen, Brandon and Whatmough, Paul and Adolf, Robert and Rama, Saketh and Lee, Hyunkwang and Lee, Sae Kyu and Hern{\'a}ndez-Lobato, Jos{\'e} Miguel and Wei, Gu-Yeon and Brooks, David},
	booktitle = {2016 ACM/IEEE 43rd Annual International Symposium on Computer Architecture (ISCA)},
	pages = {267--278},
	title = {{Minerva: Enabling Low-power, Highly-accurate Deep neural Network Accelerators}},
	year = {2016}}

@inproceedings{he2016deep,
	author = {He, Kaiming and Zhang, Xiangyu and Ren, Shaoqing and Sun, Jian},
	booktitle = {Proceedings of the IEEE conference on computer vision and pattern recognition},
	pages = {770--778},
	title = {{Deep Residual Learning for Image Recognition}},
	year = {2016}}

@misc{simonyan2014very,
	author = {Simonyan, Karen and Zisserman, Andrew},
	note = {url={https://arxiv.org/abs/1409.1556}},
	publisher = {arXiv},
	title = {{Very Deep Convolutional Networks for Large-scale Image Recognition}},
	year = {2014}}

@inproceedings{krizhevsky2012imagenet,
	author = {Krizhevsky, Alex and Sutskever, Ilya and Hinton, Geoffrey E},
	booktitle = {Advances in neural information processing systems},
	pages = {1097--1105},
	title = {{Imagenet Classification with Deep Convolutional Neural Networks}},
	year = {2012}}

@inproceedings{tzelepi2017human,
	//publisher = {IEEE},
	author = {Tzelepi, Maria and Tefas, Anastasios},
	booktitle = {2017 25th European Signal Processing Conference (EUSIPCO)},
	pages = {743--747},
	title = {{Human Crowd Detection for Drone Flight Safety Using Convolutional Neural Networks}},
	year = {2017}}

@article{validation2019Ebert,
	author = {C. {Ebert} and M. {Weyrich}},
	journal = {IEEE Software},
	number = {5},
	pages = {15-23},
	title = {{Validation of Autonomous Systems}},
	volume = {36},
	year = {2019}}

@inproceedings{orlov2019intelligent,
	//publisher = {IEEE},
	author = {Orlov, Sergey P and Girin, Roman V and Piletskaya, Antonina V},
	booktitle = {2019 III International Conference on Control in Technical Systems (CTS)},
	pages = {233--236},
	title = {{Intelligent Information Processing System for Monitoring Rail Tracks}},
	year = {2019}}

@inproceedings{song2016c,
	author = {Song, Lili and Wang, Ying and Han, Yinhe and Zhao, Xin and Liu, Bosheng and Li, Xiaowei},
	booktitle = {Proceedings of the 53rd Annual Design Automation Conference},
	pages = {1--6},
	title = {{C-brain: A Deep Learning Accelerator that Tames the Diversity of CNNs Through Adaptive Data-level Parallelization}},
	year = {2016}}

@inproceedings{chen2014dadiannao,
	//publisher = {IEEE},
	author = {Chen, Yunji and Luo, Tao and Liu, Shaoli and Zhang, Shijin and He, Liqiang and Wang, Jia and Li, Ling and Chen, Tianshi and Xu, Zhiwei and Sun, Ninghui and others},
	booktitle = {2014 47th Annual IEEE/ACM International Symposium on Microarchitecture},
	pages = {609--622},
	title = {{Dadiannao: A Machine-learning Supercomputer}},
	year = {2014}}

@article{zhang2019fault,
	//publisher = {IEEE},
	author = {Zhang, Jeff Jun and Basu, Kanad and Garg, Siddharth},
	journal = {IEEE Design \& Test},
	number = {5},
	pages = {44--53},
	title = {{Fault-Tolerant Systolic Array Based Accelerators for Deep Neural Network Execution}},
	volume = {36},
	year = {2019}}

@inproceedings{takanami2012built,
	//publisher = {IEEE},
	author = {Takanami, Itsuo and Horita, Tadayoshi},
	booktitle = {2012 IEEE 18th Pacific Rim International Symposium on Dependable Computing},
	pages = {96--104},
	title = {{A Built-in Circuit for Self-Repairing Mesh-Connected Processor Arrays by Direct Spare Replacement}},
	year = {2012}}

@inproceedings{takanami2017built,
	author = {I. {Takanami} and M. {Fukushi}},
	booktitle = {2017 IEEE 22nd Pacific Rim International Symposium on Dependable Computing (PRDC)},
	pages = {110-117},
	title = {{A Built-in Circuit for Self-Repairing Mesh-Connected Processor Arrays with Spares on Diagonal}},
	year = {2017}}

@inproceedings{ares2018dac,
	author = {B. {Reagen} and U. {Gupta} and L. {Pentecost} and P. {Whatmough} and S. K. {Lee} and N. {Mulholland} and D. {Brooks} and G. {Wei}},
	booktitle = {2018 55th ACM/ESDA/IEEE Design Automation Conference (DAC)},
	pages = {1-6},
	title = {{Ares: A framework for Quantifying the Resilience of Deep Neural Networks}},
	year = {2018}}

@article{lam1989study,
	author = {Lam, Clement Wing Hong and Li, Hon F. and Jayakumar, R},
	journal = {IEEE transactions on computers},
	number = {6},
	pages = {833--844},
	title = {{A Study of Two Approaches for Reconfiguring Fault-tolerant Systolic Arrays}},
	volume = {38},
	year = {1989}}

@article{koren1990fault,
	author = {Koren, Israel and Singh, Adit D.},
	journal = {Computer},
	number = {7},
	pages = {73--83},
	title = {{Fault Tolerance in VLSI Circuits}},
	volume = {23},
	year = {1990}}

@article{horita2008analysis,
	author = {Horita, Tadayoshi and Katou, Yuuji and Takanami, Itsuo},
	journal = {IEICE transactions on fundamentals of electronics, communications and computer sciences},
	number = {2},
	pages = {623--632},
	publisher = {The Institute of Electronics, Information and Communication Engineers},
	title = {{An Analysis for Fault-tolerant {3D} Processor Arrays Using 1.5-track Switches}},
	volume = {91},
	year = {2008}}

@article{chuang2005efficient,
	//publisher = {Elsevier},
	author = {Chuang, Po-Jen and Yao, Li-Chiang},
	journal = {Information Sciences},
	number = {3-4},
	pages = {309--333},
	title = {{An Efficient Reconfiguration Scheme for Fault-tolerant Meshes}},
	volume = {172},
	year = {2005}}

@inproceedings{lin2009fault,
	//publisher = {IEEE},
	author = {Lin, Shu-Yen and Shen, Wen-Chung and Hsu, Chan-Cheng and Chao, Chih-Hao and Wu, An-Yeu},
	booktitle = {2009 International Symposium on VLSI Design, Automation and Test},
	pages = {72--75},
	title = {{Fault-tolerant Router with Built-in Self-test/Self-diagnosis and Fault-isolation Circuits for 2D-mesh Based Chip Multiprocessor Systems}},
	year = {2009}}

@article{low1997reconfiguration,
	//publisher = {IEEE},
	author = {Low, Chor Ping and Leong, Hon Wai},
	journal = {IEEE transactions on computer-aided design of integrated circuits and systems},
	number = {10},
	pages = {1213--1221},
	title = {{On the Reconfiguration of Degradable VLSI/WSI Arrays}},
	volume = {16},
	year = {1997}}

@article{low2000efficient,
	//publisher = {IEEE},
	author = {Low, Chor Ping},
	journal = {IEEE Transactions on Computers},
	number = {6},
	pages = {553--559},
	title = {{An Efficient Reconfiguration Algorithm for Degradable VLSI/WSI Arrays}},
	volume = {49},
	year = {2000}}

@article{jigang2009preprocessing,
	//publisher = {IEEE},
	author = {Jigang, Wu and Srikanthan, Thambipillai and Han, Xiaogang},
	journal = {IEEE transactions on very large scale integration (VLSI) systems},
	number = {2},
	pages = {315--319},
	title = {{Preprocessing and Partial Rerouting Techniques for Accelerating Reconfiguration of Degradable VLSI Arrays}},
	volume = {18},
	year = {2009}}

@inproceedings{xu2019resilient,
	author = {Xu, Dawen and Xing, Kouzi and Liu, Cheng and Wang, Ying and Dai, Yulin and Cheng, Long and Li, Huawei and Zhang, Lei},
	booktitle = {2019 IEEE 30th International Conference on Application-specific Systems, Architectures and Processors (ASAP)},
	pages = {99--102},
	title = {{Resilient Neural Network Training for Accelerators with Computing Errors}},
	volume = {2160},
	year = {2019}}

@article{zhao2020algorithm,
	author = {Zhao, Kai and Di, Sheng and Li, Sihuan and Liang, Xin and Zhai, Yujia and Chen, Jieyang and Ouyang, Kaiming and Cappello, Franck and Chen, Zizhong},
	journal = {IEEE Transactions on Parallel and Distributed Systems},
	number = {7},
	pages = {1677-1689},
	title = {FT-CNN: Algorithm-Based Fault Tolerance for Convolutional Neural Networks},
	volume = {32},
	year = {2021}}

@inproceedings{xu2020persistent,
	author = {D. {Xu} and Z. {Zhu} and C. {Liu} and Y. {Wang} and H. {Li} and L. {Zhang} and K. {Cheng}},
	booktitle = {2020 IEEE 31st International Conference on Application-specific Systems, Architectures and Processors (ASAP)},
	pages = {85-92},
	title = {{Persistent Fault Analysis of Neural Networks on FPGA-based Acceleration System}},
	year = {2020}}

@inproceedings{jouppi2017datacenter,
	author = {Jouppi, Norman P and Young, Cliff and Patil, Nishant and Patterson, David and Agrawal, Gaurav and Bajwa, Raminder and Bates, Sarah and Bhatia, Suresh and Boden, Nan and Borchers, Al and others},
	booktitle = {Proceedings of the 44th Annual International Symposium on Computer Architecture},
	pages = {1--12},
	title = {{In-datacenter Performance Analysis of A Tensor Processing Unit}},
	year = {2017}}

@inproceedings{Chen2016Eyeriss,
	author = {Chen, Yu-Hsin and Emer, Joel and Sze, Vivienne},
	booktitle = {2016 ACM/IEEE 43rd Annual International Symposium on Computer Architecture (ISCA)},
	pages = {367--379},
	title = {{Eyeriss: A Spatial Architecture for Energy-Efficient Dataflow for Convolutional Neural Networks}},
	year = {2016}}

@inproceedings{takanami1995neural,
	author = {Takanami, Itsuo and Kurata, Kazushi and Watanabe, Takahiro},
	booktitle = {Proceedings IEEE International Conference on Wafer Scale Integration (ICWSI)},
	pages = {101--110},
	title = {{A Neural Algorithm for Reconstructing Mesh-connected Processor Arrays Using Single-track Switches}},
	year = {1995}}

@article{horita2000fault,
	author = {Horita, Tadayoshi and Takanami, Itsuo},
	journal = {IEEE Transactions on Computers},
	number = {6},
	pages = {542--552},
	title = {{Fault-tolerant Processor Arrays Based on the 1 1/2-track Switches with Flexible Spare Distributions}},
	volume = {49},
	year = {2000}}

@inproceedings{li2020soft,
	author = {Li, Wenshuo and Ge, Guangjun and Guo, Kaiyuan and Chen, Xiaoming and Wei, Qi and Gao, Zhen and Wang, Yu and Yang, Huazhong},
	booktitle = {2020 2nd IEEE International Conference on Artificial Intelligence Circuits and Systems (AICAS)},
	pages = {1--5},
	title = {{Soft Error Mitigation for Deep Convolution Neural Network on FPGA Accelerators}},
	year = {2020}}

@inproceedings{zhang2020sorting,
	author = {Zhang, Yawen and Lin, Sheng and Wang, Runsheng and Wang, Yanzhi and Wang, Yuan and Qian, Weikang and Huang, Ru},
	booktitle = {2020 Design, Automation \& Test in Europe Conference \& Exhibition (DATE)},
	pages = {1287--1290},
	title = {{When Sorting Network Meets Parallel Bitstreams: A Fault-tolerant Parallel Ternary Neural Network Accelerator Based on Stochastic Computing}},
	year = {2020}}

@inproceedings{ozen2019sanity,
	author = {Ozen, Elbruz and Orailoglu, Alex},
	booktitle = {2019 IEEE 28th Asian Test Symposium (ATS)},
	pages = {7--75},
	title = {{Sanity-Check: Boosting the reliability of safety-critical deep neural network applications}},
	year = {2019}}

@inproceedings{xu2019safety,
	author = {Xu, Zheng and Abraham, Jacob},
	booktitle = {2019 IEEE International Test Conference (ITC)},
	pages = {1--10},
	title = {{Safety Design of a Convolutional Neural Network Accelerator with Error Localization and Correction}},
	year = {2019}}

@inproceedings{ning2020ftt,
	//location = {Beijing, China},
	//publisher = {IEEE Press},
	author = {Li, Wenshuo and Ning, Xuefei and Ge, Guangjun and Chen, Xiaoming and Wang, Yu and Yang, Huazhong},
	booktitle = {2020 25th Asia and South Pacific Design Automation Conference (ASP-DAC)},
	numpages = {6},
	pages = {211--216},
	title = {FTT-NAS: Discovering Fault-Tolerant Neural Architecture},
	year = {2020}}

@article{abdullah2020salvagednn,
	//publisher = {The Royal Society Publishing},
	author = {Abdullah Hanif, Muhammad and Shafique, Muhammad},
	journal = {Philosophical Transactions of the Royal Society A},
	number = {2164},
	pages = {1-23},
	title = {{Salvagednn: Salvaging Deep Neural Network Accelerators with Permanent Faults Through Saliency-driven Fault-aware Mapping}},
	volume = {378},
	year = {2020}}

@article{stapper1983integrated,
	author = {Stapper, Charles H and Armstrong, Frederick M and Saji, Kiyotaka},
	journal = {Proceedings of the IEEE},
	number = {4},
	pages = {453--470},
	title = {{Integrated Circuit Yield Statistics}},
	volume = {71},
	year = {1983}}

@inproceedings{tahoori2005defects,
	author = {Tahoori, Mehdi Baradaran},
	booktitle = {20th IEEE International Symposium on Defect and Fault Tolerance in VLSI Systems (DFT'05)},
	pages = {3--11},
	title = {{Defects, Yield, and Design in Sublithographic Nano-electronics}},
	year = {2005}}

@inproceedings{deng2015retraining,
	author = {Deng, Jiacnao and Rang, Yuntan and Du, Zidong and Wang, Ymg and Li, Huawei and Temam, Olivier and Ienne, Paolo and Novo, David and Li, Xiaowei and Chen, Yunji and others},
	booktitle = {2015 Design, Automation \& Test in Europe Conference \& Exhibition (DATE)},
	pages = {593--596},
	title = {{Retraining-based timing error mitigation for hardware neural networks}},
	year = {2015}}

@inproceedings{liu2011resilient,
	author = {Liu, Cheng and Zhang, Lei and Han, Yinhe and Li, Xiaowei},
	booktitle = {16th Asia and South Pacific Design Automation Conference (ASP-DAC 2011)},
	pages = {437--442},
	title = {{A resilient on-chip router design through data path salvaging}},
	year = {2011}}

@article{6193402,
	author = {H.\-S. P. {Wong} and H. {Lee} and S. {Yu} and Y. {Chen} and Y. {Wu} and P. {Chen} and B. {Lee} and F. T. {Chen} and M. {Tsai}},
	journal = {Proceedings of the IEEE},
	number = {6},
	pages = {1951-1970},
	title = {Metal-Oxide {RRAM}},
	volume = {100},
	year = {2012}}

@inproceedings{8988622,
	author = {W. {Li} and Y. {Wang} and H. {Li} and X. {Li}},
	booktitle = {2019 IEEE 37th International Conference on Computer Design (ICCD)},
	pages = {91-99},
	title = {RRAMedy: Protecting ReRAM-Based Neural Network from Permanent and Soft Faults During Its Lifetime},
	year = {2019}}

@inproceedings{xu2020hybrid,
	author = {D. {Xu} and C. {Chu} and Q. {Wang} and C. {Liu} and Y. {Wang} and L. {Zhang} and H. {Liang} and K. -T. {Cheng}},
	booktitle = {2020 IEEE 38th International Conference on Computer Design (ICCD)},
	pages = {478-485},
	title = {A Hybrid Computing Architecture for Fault-tolerant Deep Learning Accelerators},
	year = {2020}}

@article{xu2021reliability,
	author = {D. {Xu} and Z. {Zhu} and C. {Liu} and Y. {Wang} and S. {Zhao} and L. {Zhang} and H. {Liang} and H. {Li} and K. -T. {Cheng}},
	journal = {IEEE Transactions on Very Large Scale Integration (VLSI) Systems},
	number = {3},
	pages = {472-484},
	title = {Reliability Evaluation and Analysis of FPGA-Based Neural Network Acceleration System},
	volume = {29},
	year = {2021}}

@article{8119491,
	author = {L. {Xia} and W. {Huangfu} and T. {Tang} and X. {Yin} and K. {Chakrabarty} and Y. {Xie} and Y. {Wang} and H. {Yang}},
	journal = {IEEE Journal on Emerging and Selected Topics in Circuits and Systems},
	number = {1},
	pages = {102-115},
	title = {Stuck-at Fault Tolerance in RRAM Computing Systems},
	volume = {8},
	year = {2018}}

@inproceedings{7551380,
	author = {P. {Chi} and S. {Li} and C. {Xu} and T. {Zhang} and J. {Zhao} and Y. {Liu} and Y. {Wang} and Y. {Xie}},
	booktitle = {Proc. ACM/IEEE 43rd Annual International Symposium on Computer Architecture (ISCA)},
	pages = {27-39},
	title = {PRIME: A Novel Processing-in-Memory Architecture for Neural Network Computation in ReRAM-Based Main Memory},
	year = {2016}}

@inproceedings{7920854,
	author = {L. {Song} and X. {Qian} and H. {Li} and Y. {Chen}},
	booktitle = {Proc. 2017 IEEE International Symposium on High Performance Computer Architecture (HPCA)},
	pages = {541-552},
	title = {PipeLayer: A Pipelined ReRAM-Based Accelerator for Deep Learning},
	year = {2017}}

@inproceedings{7987496,
	author = {A. M. S. {Tosson} and S. {Yu} and M. H. {Anis} and L. {Wei}},
	booktitle = {Proc. 2017 IEEE Computer Society Annual Symposium on VLSI (ISVLSI)},
	pages = {62-67},
	title = {Analysis of {RRAM} Reliability Soft-Errors on the Performance of {RRAM}-Based Neuromorphic Systems},
	year = {2017}}

@inproceedings{8203824,
	author = {B. {Yan} and J. {Yang} and Q. {Wu} and Y. {Chen} and H. {Li}},
	booktitle = {2017 IEEE/ACM International Conference on Computer-Aided Design (ICCAD)},
	pages = {541-548},
	title = {A closed-loop design to enhance weight stability of memristor based neural network chips},
	year = {2017}}

@inproceedings{5726731,
	author = {L.\-C. {Chu} and B. W. {Wah}},
	booktitle = {Proc. 1990 IJCNN International Joint Conference on Neural Networks},
	pages = {639-649},
	title = {Fault tolerant neural networks with hybrid redundancy},
	volume = {2},
	year = {1990}}

@inproceedings{8060317,
	author = {L. {Xia} and {Mengyun Liu} and {Xuefei Ning} and K. {Chakrabarty} and {Yu Wang}},
	booktitle = {2017 54th ACM/EDAC/IEEE Design Automation Conference (DAC)},
	pages = {1-6},
	title = {Fault-tolerant training with on-line fault detection for RRAM-based neural computing systems},
	year = {2017}}

@article{248456,
	author = {M. D. {Emmerson} and R. I. {Damper}},
	journal = {IEEE Transactions on Neural Networks},
	number = {5},
	pages = {788-793},
	title = {Determining and improving the fault tolerance of multilayer perceptrons in a pattern-recognition application},
	volume = {4},
	year = {1993}}

@inproceedings{5523499,
	author = {D. {Niu} and Y. {Chen} and C. {Xu} and Y. {Xie}},
	booktitle = {Design Automation Conference},
	pages = {877-882},
	title = {Impact of process variations on emerging memristor},
	year = {2010}}

@inproceedings{6957074,
	author = {P. {Pouyan} and E. {Amat} and A. {Rubio}},
	booktitle = {Proc. 5th European Workshop on CMOS Variability (VARI)},
	pages = {1-6},
	title = {Reliability challenges in design of memristive memories},
	year = {2014}}

@inproceedings{Liu:2019:FTN:3287624.3288743,
	//location = {Tokyo, Japan},
	//series = {ASPDAC '19},
	author = {Liu, Mengyun and Xia, Lixue and Wang, Yu and Chakrabarty, Krishnendu},
	booktitle = {Proc. ACM/IEEE 24th Asia and South Pacific Design Automation Conference (ASPDAC)},
	numpages = {8},
	pages = {216--223},
	title = {Fault Tolerance in Neuromorphic Computing Systems},
	year = {2019}}

@inproceedings{8624687,
	author = {M. {Liu} and L. {Xia} and Y. {Wang} and K. {Chakrabarty}},
	booktitle = {Proc. 2018 IEEE International Test Conference (ITC)},
	pages = {1-10},
	title = {Fault Tolerance for {RRAM}-Based Matrix Operations},
	year = {2018}}

@inproceedings{7167198,
	author = {B. {Liu} and {Hai Li} and {Yiran Chen} and {Xin Li} and {Qing Wu} and {Tingwen Huang}},
	booktitle = {Proc. ACM/EDAC/IEEE 52nd Design Automation Conference (DAC)},
	pages = {1-6},
	title = {Vortex: Variation-aware training for memristor X-bar},
	year = {2015}}

@inproceedings{43405,
	author = {Goodfellow, Ian J. and Shlens, Jonathon and Szegedy, Christian},
	booktitle = {Proc. International Conference on Learning Representations},
	pages = {1-11},
	title = {Explaining and Harnessing Adversarial Examples},
	year = {2015}}

@article{8013784,
	author = {C. {Torres-Huitzil} and B. {Girau}},
	journal = {IEEE Access},
	pages = {17322-17341},
	title = {Fault and Error Tolerance in Neural Networks: A Review},
	volume = {5},
	year = {2017}}

@inproceedings{44873,
	//url = {http://arxiv.org/abs/1503.02531},
	author = {Hinton, Geoffrey and Vinyals, Oriol and Dean, Jeff},
	booktitle = {NIPS Deep Learning and Representation Learning Workshop},
	pages = {1-9},
	title = {Distilling the Knowledge in a Neural Network},
	year = {2015}}

@article{7879109,
	author = {S. {Swami} and K. {Mohanram}},
	journal = {IEEE Design \& Test},
	number = {3},
	pages = {31-41},
	title = {Reliable Nonvolatile Memories: Techniques and Measures},
	volume = {34},
	year = {2017}}

@inproceedings{Li:2017:UEP:3126908.3126964,
	//location = {Denver, Colorado},
	//series = {SC '17},
	articleno = {8},
	author = {Li, Guanpeng and Hari, Siva Kumar Sastry and Sullivan, Michael and Tsai, Timothy and Pattabiraman, Karthik and Emer, Joel and Keckler, Stephen W.},
	booktitle = {Proc. ACM International Conference for High Performance Computing, Networking, Storage and Analysis (SC)},
	pages = {8:1--8:12},
	title = {Understanding Error Propagation in Deep Learning Neural Network (DNN) Accelerators and Applications},
	year = {2017}}

@inproceedings{6165062,
	author = {D. {Niu} and {Yang Xiao} and {Yuan Xie}},
	booktitle = {Proc. 17th Asia and South Pacific Design Automation Conference (ASPDAC)},
	pages = {79-84},
	title = {Low power memristor-based ReRAM design with Error Correcting Code},
	year = {2012}}

@inproceedings{Zhang:2017:NRM:3061639.3062191,
	articleno = {82},
	author = {Zhang, Yang and Feng, Dan and Liu, Jingning and Tong, Wei and Wu, Bing and Fang, Caihua},
	booktitle = {Proceedings of the 54th Annual Design Automation Conference 2017},
	pages = {82:1--82:6},
	title = {A Novel ReRAM-based Main Memory Structure for Optimizing Access Latency and Reliability},
	year = {2017}}

@article{6725492,
	author = {C. {Chen} and H. {Shih} and C. {Wu} and C. {Lin} and P. {Chiu} and S. {Sheu} and F. T. {Chen}},
	journal = {IEEE Transactions on Computers},
	number = {1},
	pages = {180-190},
	title = {{RRAM} Defect Modeling and Failure Analysis Based on March Test and a Novel Squeeze-Search Scheme},
	volume = {64},
	year = {2015}}

@inproceedings{6242466,
	author = {S. R. {Lee} and Y. {Kim} and M. {Chang} and K. M. {Kim} and C. B. {Lee} and J. H. {Hur} and G. {Park} and D. {Lee} and M. {Lee} and C. J. {Kim} and U. {Chung} and I. {Yoo} and K. {Kim}},
	booktitle = {2012 Symposium on VLSI Technology (VLSIT)},
	pages = {71-72},
	title = {Multi-level switching of triple-layered TaOx RRAM with excellent reliability for storage class memory},
	year = {2012}}

@inproceedings{7926952,
	author = {L. {Chen} and J. {Li} and Y. {Chen} and Q. {Deng} and J. {Shen} and X. {Liang} and L. {Jiang}},
	booktitle = {Proc. Design, Automation Test in Europe Conference Exhibition (DATE), 2017},
	pages = {19-24},
	title = {Accelerator-friendly neural-network training: Learning variations and defects in RRAM crossbar},
	year = {2017}}

@inproceedings{DBLP:journals/corr/abs-1910-03723,
	author = {Gustavo Aguilar and Yuan Ling and Yu Zhang and Benjamin Yao and Xing Fan and Edward Guo},
	booktitle = {Association for the Advancement of Artificial Intelligence},
	pages = {1-8},
	title = {Knowledge Distillation from Internal Representations},
	year = {2019}}

@article{app9101966,
	article-number = {1966},
	author = {Li, Hao-Ting and Lin, Shih-Chieh and Chen, Cheng-Yeh and Chiang, Chen-Kuo},
	journal = {Applied Sciences},
	number = {10},
	pages = {1.1-1.13},
	title = {Layer-Level Knowledge Distillation for Deep Neural Network Learning},
	volume = {9},
	year = {2019}}

@inproceedings{8060459,
	author = {Liu, Chenchen and Hu, Miao and Strachan, John Paul and Li, Hai},
	booktitle = {2017 54th ACM/EDAC/IEEE Design Automation Conference (DAC)},
	pages = {1-6},
	title = {Rescuing memristor-based neuromorphic design with high defects},
	year = {2017}}

@inproceedings{6595431,
	author = {Miao Hu and Hai Li and Yiran Chen and Qing Wu and Rose, Garrett S.},
	booktitle = {2013 IEEE Symposium on Computational Intelligence for Security and Defense Applications (CISDA)},
	pages = {80-87},
	title = {BSB training scheme implementation on memristor-based circuit},
	year = {2013}}

@incollection{NIPS2017_6749,
	//editor = {I. Guyon and U. V. Luxburg and S. Bengio and H. Wallach and R. Fergus and S. Vishwanathan and R. Garnett},
	//publisher = {Curran Associates, Inc.},
	//url = {http://papers.nips.cc/paper/6749-terngrad-ternary-gradients-to-reduce-communication-in-distributed-deep-learning.pdf},
	author = {Wen, Wei and Xu, Cong and Yan, Feng and Wu, Chunpeng and Wang, Yandan and Chen, Yiran and Li, Hai},
	booktitle = {Advances in Neural Information Processing Systems},
	pages = {1509--1519},
	title = {TernGrad: Ternary Gradients to Reduce Communication in Distributed Deep Learning},
	year = {2017}}

@inproceedings{10.1145/3287624.3287695,
	//address = {New York, NY, USA},
	//publisher = {Association for Computing Machinery},
	author = {Li, Wen and Wang, Ying and Li, Huawei and Li, Xiaowei},
	booktitle = {Proceedings of the 24th Asia and South Pacific Design Automation Conference},
	pages = {633-638},
	title = {P3M: A PIM-Based Neural Network Model Protection Scheme for Deep Learning Accelerator},
	year = {2019}}

@article{5482157,
	//month = {Nov},
	author = {K. {Jo} and C. {Jung} and K. {Min} and S. {Kang}},
	journal = {IEEE Transactions on Nanotechnology},
	number = {6},
	pages = {675-678},
	title = {Self-Adaptive Write Circuit for Low-Power and Variation-Tolerant Memristors},
	volume = {9},
	year = {2010}}

@inproceedings{8715178,
	//month = {March},
	author = {Y. {Long} and X. {She} and S. {Mukhopadhyay}},
	booktitle = {Proc. 2019 Design, Automation Test in Europe Conference Exhibition (DATE)},
	pages = {1769-1774},
	title = {Design of Reliable DNN Accelerator with Un-reliable ReRAM},
	year = {2019}}

@article{7551274,
	author = {P. {Liu} and Z. {You} and J. {Kuang} and Z. {Hu} and H. {Duan} and W. {Wang}},
	journal = {Electronics Letters},
	number = {18},
	pages = {1520-1522},
	title = {Efficient March test algorithm for 1T1R cross-bar with complete fault coverage},
	volume = {52},
	year = {2016}}

@inproceedings{7551379,
	//month = {June},
	author = {A. {Shafiee} and A. {Nag} and N. {Muralimanohar} and R. {Balasubramonian} and J. P. {Strachan} and M. {Hu} and R. S. {Williams} and V. {Srikumar}},
	booktitle = {Proc. ACM/IEEE 43rd Annual International Symposium on Computer Architecture (ISCA)},
	pages = {14-26},
	title = {{ISAAC}: A Convolutional Neural Network Accelerator with In-Situ Analog Arithmetic in Crossbars},
	year = {2016}}

@phdthesis{Xiangyu2011,
	author = {Xiangyu Dong},
	school = {The Pennsylvania State University},
	title = {Modeling and Leveraging Emerging Non-volatile Memories for Future Computer Designs},
	year = {2011}}

@inproceedings{8267883,
	//month = {Nov},
	author = {S. {Hamdioui} and P. {Pouyan} and H. {Li} and Y. {Wang} and A. {Raychowdhur} and I. {Yoon}},
	booktitle = {Proc. IEEE 26th Asian Test Symposium (ATS)},
	pages = {170-178},
	title = {Test and Reliability of Emerging Non-volatile Memories},
	year = {2017}}

@article{zeitzoff2002mosfet,
	//publisher = {World Scientific},
	author = {ZEITZOFF, PETER M and HUTCHBY, JAMES A and HUFF, HOWARD R},
	journal = {International journal of high speed electronics and systems},
	number = {02},
	pages = {267--293},
	title = {{MOSFET and front-end process integration: Scaling trends, challenges, and potential solutions through the end of the roadmap}},
	volume = {12},
	year = {2002}}

@inproceedings{hawkins2003view,
	//publisher = {IEEE},
	author = {Hawkins, Charles and Keshavarzi, Ali and Segura, Jaume},
	booktitle = {Proceedings 18th IEEE Symposium on Defect and Fault Tolerance in VLSI Systems},
	pages = {267--276},
	title = {View from the bottom: nanometer technology AC parametric failures-why, where, and how to detect},
	year = {2003}}

@article{mak2004new,
	//publisher = {IEEE},
	author = {Mak, TM and Krstic, Angela and Cheng, K-T and Wang, Li-C},
	journal = {IEEE Design \& Test of Computers},
	number = {3},
	pages = {241--248},
	title = {New challenges in delay testing of nanometer, multigigahertz designs},
	volume = {21},
	year = {2004}}

@book{krstic1998delay,
	//publisher = {Springer Science \& Business Media},
	author = {Krstic, Angela and Cheng, Kwang-Ting},
	pages = {1-191},
	publisher = {Springer, Boston, MA},
	title = {Delay fault testing for VLSI circuits, 1st edition},
	year = {1998}}

@article{agarwal2003statistical,
	//publisher = {IEEE},
	author = {Agarwal, Aseem and Zolotov, Vladimir and Blaauw, David T},
	journal = {IEEE Transactions on Computer-Aided Design of Integrated Circuits and Systems},
	number = {9},
	pages = {1243--1260},
	title = {Statistical timing analysis using bounds and selective enumeration},
	volume = {22},
	year = {2003}}

@inproceedings{baker1999defect,
	//publisher = {IEEE},
	author = {Baker, Keith and Gronthoud, Guido and Lousberg, Maurice and Schanstra, Ivo and Hawkins, Charles},
	booktitle = {International Test Conference 1999. Proceedings (IEEE Cat. No. 99CH37034)},
	pages = {467--476},
	title = {Defect-based delay testing of resistive vias-contacts a critical evaluation},
	year = {1999}}

@inproceedings{balachandran2002facilitating,
	//publisher = {IEEE},
	author = {Balachandran, Hari and Butler, Kenneth M and Simpson, Neil},
	booktitle = {Proceedings. International Test Conference},
	pages = {628--637},
	title = {Facilitating rapid first silicon debug},
	year = {2002}}

@inproceedings{sunter1998bist,
	//publisher = {IEEE},
	author = {Sunter, Stephen},
	booktitle = {Proceedings International Test Conference 1998 (IEEE Cat. No. 98CH36270)},
	pages = {1148},
	title = {BIST vs. ATE: Need a different vehicle?},
	year = {1998}}

@inproceedings{datta2004delay,
	//publisher = {IEEE},
	author = {Datta, Ramyanshu and Sebastine, Antony and Abraham, Jacob A},
	booktitle = {Proceedings. Ninth IEEE European Test Symposium, 2004. ETS 2004.},
	pages = {46--51},
	title = {Delay fault testing and silicon debug using scan chains},
	year = {2004}}

@inproceedings{datta2006scheme,
	//publisher = {IEEE},
	author = {Datta, Ramyanshu and Carpenter, Gary and Nowka, Kevin and Abraham, Jacob A},
	booktitle = {24th IEEE VLSI Test Symposium},
	pages = {6--pp},
	title = {A scheme for on-chip timing characterization},
	year = {2006}}

@article{ghosh2006novel,
	//publisher = {IEEE},
	author = {Ghosh, Swaroop and Bhunia, Swarup and Raychowdhury, Arijit and Roy, Kaushik},
	journal = {IEEE Transactions on Computer-Aided Design of Integrated Circuits and Systems},
	number = {12},
	pages = {2934--2943},
	title = {A novel delay fault testing methodology using low-overhead built-in delay sensor},
	volume = {25},
	year = {2006}}

@inproceedings{hsiao2001built,
	//publisher = {IEEE},
	author = {Hsiao, Ming-Jun and Huang, Jing-Reng and Yang, Shao-Shen and Chang, Tsin-Yuan},
	booktitle = {Proceedings International Test Conference 2001 (Cat. No. 01CH37260)},
	pages = {315--322},
	title = {A built-in timing parametric measurement unit},
	year = {2001}}

@inproceedings{datta2004chip,
	author = {Datta, Ramyanshu and Sebastine, Antony and Raghunathan, Ashwin and Abraham, Jacob A},
	booktitle = {Proceedings of the 14th ACM Great Lakes symposium on VLSI},
	pages = {145--148},
	title = {On-chip delay measurement for silicon debug},
	year = {2004}}

@inproceedings{krstic2001delay,
	//publisher = {IEEE},
	author = {Krstic, Angela and Liou, Jing-Jia and Jiang, Yi-Min and Cheng, Kwang-Ting},
	booktitle = {Proceedings International Test Conference 2001 (Cat. No. 01CH37260)},
	pages = {558--567},
	title = {Delay testing considering crosstalk-induced effects},
	year = {2001}}

@inproceedings{ahmed2006novel,
	author = {Ahmed, Nisar and Tehranipoor, Mohammad and Jayaram, Vinay},
	booktitle = {Proceedings of the 2006 IEEE/ACM international conference on Computer-aided design},
	pages = {198--203},
	title = {A novel framework for faster-than-at-speed delay test considering IR-drop effects},
	year = {2006}}

@inproceedings{kruseman2004hazard,
	//publisher = {IEEE},
	author = {Kruseman, Bram and Majhi, Ananta K and Gronthoud, Guido and Eichenberger, Stefan},
	booktitle = {2004 International Conferce on Test},
	pages = {213--222},
	title = {On hazard-free patterns for fine-delay fault testing},
	year = {2004}}

@inproceedings{nigh2000test,
	//publisher = {IEEE},
	author = {Nigh, Phil and Gattiker, Anne},
	booktitle = {Proceedings International Test Conference 2000 (IEEE Cat. No. 00CH37159)},
	pages = {454--463},
	title = {Test method evaluation experiments and data},
	year = {2000}}

@inproceedings{raychowdhury2005novel,
	//publisher = {IEEE},
	author = {Raychowdhury, Arijit and Ghosh, Swaroop and Roy, Kaushik},
	booktitle = {11th IEEE International On-Line Testing Symposium},
	pages = {287--292},
	title = {A novel on-chip delay measurement hardware for efficient speed-binning},
	year = {2005}}

@article{favalli1996sensing,
	//publisher = {IEEE},
	author = {Favalli, Michele and Metra, Cecilia},
	journal = {IEEE transactions on very large scale integration (VLSI) systems},
	number = {1},
	pages = {130--133},
	title = {Sensing circuit for on-line detection of delay faults},
	volume = {4},
	year = {1996}}

@inproceedings{agarwal2007circuit,
	//publisher = {IEEE},
	author = {Agarwal, Mridul and Paul, Bipul C and Zhang, Ming and Mitra, Subhasish},
	booktitle = {25th IEEE VLSI Test Symposium (VTS'07)},
	pages = {277--286},
	title = {Circuit failure prediction and its application to transistor aging},
	year = {2007}}

@inproceedings{nassif2000delay,
	//publisher = {IEEE},
	author = {Nassif, Sanil},
	booktitle = {2000 IEEE International Solid-State Circuits Conference. Digest of Technical Papers (Cat. No. 00CH37056)},
	pages = {368--369},
	title = {Delay variability: sources, impacts and trends},
	year = {2000}}

@inproceedings{agarwal2003statisticalc,
	//publisher = {IEEE},
	author = {Agarwal, Aseem and Blaauw, David and Zolotov, Vladimir},
	booktitle = {ICCAD-2003. International Conference on Computer Aided Design (IEEE Cat. No. 03CH37486)},
	pages = {900--907},
	title = {Statistical timing analysis for intra-die process variations with spatial correlations},
	year = {2003}}

@misc{jan2003digital,
	//publisher = {Prentice Hall Upper Saddle River, NJ},
	author = {Jan, M Rabaey and Anantha, Chandrakasan and Borivoje, Nikolic and others},
	pages = {9-362},
	title = {Digital integrated circuits: a design perspective},
	year = {2002}}

@inproceedings{kaeriyama20071,
	//publisher = {IEEE},
	author = {Kaeriyama, Shunichi and Kajita, Mikihiro and Mizuno, Masayuki},
	booktitle = {2007 IEEE International Solid-State Circuits Conference. Digest of Technical Papers},
	pages = {174--594},
	title = {A 1-to-2GHz 4-phase on-chip clock generator with timing-margin test capability},
	year = {2007}}

@article{lesser1980experimental,
	//publisher = {IEEE Computer Society},
	author = {Lesser, Jean Davies and Shedletsky, John J.},
	journal = {IEEE Transactions on Computers},
	number = {03},
	pages = {235--248},
	title = {An experimental delay test generator for LSI logic},
	volume = {29},
	year = {1980}}

@inproceedings{he2010fast,
	author = {He, Zijian and Lv, Tao and Li, Huawei and Li, Xiaowei},
	booktitle = {2010 28th VLSI Test Symposium (VTS)},
	pages = {3--8},
	title = {Fast path selection for testing of small delay defects considering path correlations},
	year = {2010}}

@article{fu2010testable,
	//publisher = {The Institute of Electronics, Information and Communication Engineers},
	author = {Fu, Xiang and Li, Huawei and Li, Xiaowei},
	journal = {IEICE transactions on information and systems},
	number = {1},
	pages = {59--67},
	title = {Testable critical path selection considering process variation},
	volume = {93},
	year = {2010}}

@book{dally2004principles,
	author = {Dally, William James and Towles, Brian Patrick},
	pages = {1-550},
	publisher = {Morgan Kaufmann},
	title = {Principles and practices of interconnection networks},
	year = {2004}}

@article{vangal200880,
	author = {Vangal, Sriram R and Howard, Jason and Ruhl, Gregory and Dighe, Saurabh and Wilson, Howard and Tschanz, James and Finan, David and Singh, Arvind and Jacob, Tiju and Jain, Shailendra and others},
	journal = {IEEE Journal of solid-state circuits},
	number = {1},
	pages = {29--41},
	title = {An 80-tile sub-100-w teraflops processor in 65-nm cmos},
	volume = {43},
	year = {2008}}

@inproceedings{glass1992turn,
	author = {Glass, Christopher J and Ni, Lionel M},
	booktitle = {Proceedings of the 19th annual international symposium on Computer architecture},
	pages = {278--287},
	title = {The turn model for adaptive routing},
	year = {1992}}

@article{chiu2000odd,
	author = {Chiu, Ge-Ming},
	journal = {IEEE Transactions on parallel and distributed systems},
	number = {7},
	pages = {729--738},
	title = {The odd-even turn model for adaptive routing},
	volume = {11},
	year = {2000}}

@inproceedings{fu2011abacus,
	author = {Fu, Binzhang and Han, Yinhe and Ma, Jun and Li, Huawei and Li, Xiaowei},
	booktitle = {Proceedings of the 38th annual international symposium on Computer architecture},
	pages = {259--270},
	title = {An abacus turn model for time/space-efficient reconfigurable routing},
	year = {2011}}

@inproceedings{glass1993fault,
	author = {Glass, Christopher J and Ni, Lionel M},
	booktitle = {The Twenty-Third International Symposium on Fault-Tolerant Computing, FTCS-23},
	pages = {240--249},
	title = {Fault-tolerant wormhole routing in meshes},
	year = {1993}}

@article{wu2003fault,
	author = {Wu, Jie},
	journal = {IEEE Transactions on Computers},
	number = {9},
	pages = {1154--1169},
	title = {A fault-tolerant and deadlock-free routing protocol in 2D meshes based on odd-even turn model},
	volume = {52},
	year = {2003}}

@inproceedings{boppana1994fault,
	author = {Boppana, Rajendra V and Chalasani, Suresh},
	booktitle = {Proceedings of the 1994 ACM/IEEE Conference on Supercomputing, Supercomputing'94},
	pages = {693--702},
	title = {Fault-tolerant routing with non-adaptive wormhole algorithms in mesh networks},
	year = {1994}}

@article{ho2004new,
	author = {Ho, C-T and Stockmeyer, Larry},
	journal = {IEEE Transactions on Computers},
	number = {4},
	pages = {427--438},
	title = {A new approach to fault-tolerant wormhole routing for mesh-connected parallel computers},
	volume = {53},
	year = {2004}}

@article{gomez2006routing,
	author = {Gomez, Maria Engracia and Nordbotten, Nils Agne and Flich, Jose and Lopez, Pedro and Robles, Antonio and Duato, Jose and Skeie, Tor and Lysne, Olav},
	journal = {IEEE transactions on Computers},
	number = {4},
	pages = {400--415},
	title = {A routing methodology for achieving fault tolerance in direct networks},
	volume = {55},
	year = {2006}}

@inproceedings{dumitras2003chip,
	author = {Dumitras, Tudor and Marculescu, Radu},
	booktitle = {2003 Design, Automation and Test in Europe Conference and Exhibition},
	pages = {790--795},
	title = {On-chip stochastic communication [soc applications]},
	year = {2003}}

@inproceedings{pirretti2004fault,
	author = {Pirretti, Matthew and Link, Greg M and Brooks, Richard R and Vijaykrishnan, Narayanan and Kandemir, Mahmut and Irwin, Mary Jane},
	booktitle = {IEEE computer society annual symposium on VLSI},
	pages = {46--51},
	title = {Fault tolerant algorithms for network-on-chip interconnect},
	year = {2004}}

@inproceedings{mejia2006segment,
	author = {Mejia, Andres and Flich, Jose and Duato, Jose and Reinemo, S-A and Skeie, Tor},
	booktitle = {Proceedings. 20th International Parallel and Distributed Processing Symposium},
	pages = {84},
	title = {Segment-based routing: An efficient fault-tolerant routing algorithm for meshes and tori},
	year = {2006}}
